2609 3942
412 201 473 236 eiu
490 202 584 241 mem.
603 185 651 239 ΙΙΙ.
671 193 814 242 sis-sis.
1030 190 1094 254 339

137 341 258 398 occidere
273 340 458 415 intellegitur,
482 344 558 397 cuius
580 341 644 398 dolo
668 352 714 400 aut
736 343 813 416 culpa
835 344 862 401 id
878 346 1020 418 acciderit,
1042 364 1092 403 nec

137 424 191 480 ulla
214 425 264 480 alia
285 425 347 498 lege
369 424 511 498 damnum,
541 425 613 499 quod
634 428 692 481 siue
715 427 810 481 iniuria
832 427 911 483 datur
932 432 1092 503 repraehen-

137 509 230 576 ditur3
252 510 343 582 itaque
358 510 497 581 inpunitus
513 517 569 579 est,
593 511 639 582 qui
654 511 713 565 sine
728 509 805 582 culpa
820 518 849 565 et
866 512 929 567 dclc
943 512 1013 567 malo
1029 531 1092 570 casu

139 592 254 667 quodam
268 592 394 647 damnum
405 594 557 649 committit.
578 590 645 650 212.
657 592 712 649 Nec
724 586 844 669 (tamen)
856 594 944 650 solum
955 611 1055 667 corpus
1065 598 1092 652 in

138 678 243 735 actione
255 677 334 731 huius
345 676 413 748 legis
425 679 598 745 aestimatur3
610 677 658 732 sed
669 670 994 756 'sauesi(ueluti)¹seruc
1003 680 1092 734 occiso

136 762 199 835 plus
214 760 338 817 domiuus
353 763 440 835 capiat
454 761 543 817 damni
559 776 637 833 quam
652 762 769 834 pretium
785 763 858 817 serui
875 766 922 833 sit,
941 762 967 817 id
984 777 1093 834 quoque

138 848 310 916 aestimatur,
332 845 409 901 uelut
423 848 446 902 si
467 862 565 902 seruus
587 860 663 900 meus
685 843 717 901 ab
740 845 830 917 aliquo
852 845 932 901 heres
952 847 1094 901 institutus

138 939 279 1003 antequam
307 930 384 985 iussu
411 947 471 986 mec
500 928 677 985 hereditatem
705 937 842 1000 cerneret,
871 931 976 986 occisus
1000 929 1093 984 luerit:

136 1030 192 1071 acu
208 1015 279 1070 enim
294 1022 399 1069 tautum
413 1015 498 1088 ipsius
513 1013 629 1087 pretium
646 1015 814 1084 aestimatur,
830 1013 877 1069 sed
893 1023 921 1070 et
935 1014 1093 1070 hereditatis

137 1099 251 1155 amissae
266 1099 410 1172 quantitas.
443 1100 507 1155 item
524 1100 546 1154 si
562 1113 593 1153 eu
608 1097 731 1172 gemellis
744 1096 789 1152 uel
800 1113 833 1152 ex
848 1097 984 1155 comoedis
1000 1097 1044 1153 uel
1060 1114 1092 1153 ex

136 1184 334 1256 symphoniacis
355 1198 424 1237 unus
446 1184 551 1239 occisus
572 1182 672 1253 luerit,
695 1197 749 1238 nun
765 1181 853 1237 solum
868 1184 949 1238 eccisi
963 1181 994 1237 iit
1009 1183 1092 1237 cesti·

137 1268 234 1337 matio,
257 1265 304 1322 sed
319 1281 352 1322 ec
367 1266 481 1341 amplius
496 1259 577 1340 ’(ἰῐί)2
591 1276 703 1339 quoque
717 1273 890 1337 conputatur,
910 1264 982 1337 qucd
999 1267 1092 1334 ceteri,

138 1351 184 1424 qui
199 1359 356 1423 supersunt,
371 1350 514 1423 depretiati
529 1356 603 1404 sunt.
631 1347 703 1403 idem
717 1349 783 1401 iuris
799 1354 841 1403 est
856 1349 935 1402 etiam
950 1349 973 1401 si
988 1362 1020 1402 ex
1035 1348 1093 1420 pari

137 1433 270 1488 mularum
287 1448 364 1486 unam
379 1433 423 1488 uel
439 1435 517 1487 etiam
533 1448 565 1486 ex
585 1423 733 1503 ’quadrigis
757 1423 909 1503 equorum³
925 1446 1007 1486 unum
1023 1431 1093 1487 occi·

138 1517 217 1572 derit.
254 1510 318 1573 213.
340 1514 423 1570 Cuius
438 1522 527 1571 autem
543 1530 639 1569 seruus
655 1514 762 1569 eccisus
778 1522 830 1583 est,
853 1514 876 1569 is
894 1513 1008 1570 liberum
1022 1514 1091 1569 arbi-

138 1603 220 1656 trium
243 1597 324 1654 hahet
346 1597 390 1653 uel
412 1598 518 1670 capitali
540 1598 649 1653 crimine
664 1612 740 1652 reum
759 1596 846 1653 iacere
861 1612 937 1661 eum,
954 1599 1002 1672 qui
1023 1600 1092 1654 occi·

138 1685 222 1753 derit,
247 1682 291 1738 uel
318 1681 369 1737 hac
397 1682 458 1755 lege
483 1681 608 1736 damnum
635 1682 771 1753 persequi.
814 1677 877 1737 214.
901 1680 979 1747 Quod
1003 1691 1092 1736 autem

75 1777 129 1831 {sss}
138 1767 274 1824 adiectum
290 1775 333 1821 est
347 1766 375 1820 in
389 1766 439 1821 hac
459 1765 536 1838 lege,
558 1762 664 1836 ‘quanti
684 1765 711 1817 in
727 1779 760 1819 eo
776 1779 846 1819 anno
867 1764 975 1837 plurimi
997 1780 1027 1819 ea
1048 1781 1093 1821 res

140 1849 245 1923 luerit,’
267 1848 338 1906 illud
357 1847 455 1921 elficit,
476 1851 498 1903 si
515 1848 622 1905 clodum
638 1855 703 1920 puta
718 1853 764 1901 aut
778 1847 884 1902 luscum
900 1862 1007 1902 seruum
1024 1849 1094 1904 ccci·

139 1935 223 2007 derit,
246 1935 334 2007 quiin
349 1948 382 1990 eo
398 1949 467 1989 anuo
483 1934 590 2006 integer
604 1931 701 2002 luerit,
724 1924 779 2003 '(ut
799 1948 856 1988 non
876 1934 978 2003 quanti
995 1933 1094 1988 clodus

139 2026 190 2077 cut
202 2022 317 2088 luscus,
338 2020 390 2075 scd
403 2021 504 2091 quanti
516 2021 628 2090 intepcr
641 2008 775 2088 suerit‚)⁴
790 2016 940 2071 aestimatio
956 2013 1016 2087 liat3
1039 2032 1094 2086 quc

138 2104 185 2173 fit,
207 2113 238 2161 ut
260 2104 320 2176 quis
342 2103 403 2176 plus
425 2101 562 2158 interdum
586 2107 771 2174 consequatur
794 2115 872 2172 quam
896 2101 919 2154 ei
941 2097 1065 2154 damnum
1087 2090 1092 2175 Ι

138 2189 228 2244 datum
243 2196 295 2244 est.
1106 2199 1162 2255 184.

203 2267 267 2328 215.
296 2270 387 2342 Capite
414 2269 533 2325 secundo
555 2260 756 2347 ²(aducrsus)⁵
782 2266 1018 2341 adstipulatorem,
1048 2268 1095 2341 qui

139 2356 279 2430 pecuniam
299 2354 326 2407 in
346 2351 467 2407 iraudem
482 2352 648 2423 stipulatoris
663 2361 799 2426 acceptam
819 2353 928 2424 iecerit,
952 2353 1045 2425 quanti
1065 2367 1096 2408 ea

212 2490 233 2583 ¹)
247 2493 307 2543 Hoc
316 2508 385 2542 nunc
396 2493 484 2550 malui,
498 2507 572 2555 quam
583 2487 615 2539 ‘si
625 2488 725 2549 alienc’,
740 2495 973 2556 quodscripseram
987 2488 1092 2542 ‘Gaius’

137 2583 164 2632 p.
179 2578 226 2618 104.
246 2565 312 2613 sanci
328 2564 353 2612 θ.
372 2576 430 2611 saue
443 2563 465 2611 si
478 2562 518 2611 ed.
532 2560 581 2626 Bp.
596 2568 621 2610 et
634 2561 683 2609 Kr.
698 2572 718 2610 s.
742 2559 796 2610 Sed
809 2577 865 2610 saue
879 2578 952 2611 suam
965 2564 1015 2611 vim
1024 2559 1094 2628 (item

138 2635 194 2705 lidi„
209 2632 361 2701 uictimas)
376 2633 400 2683 h.
415 2635 432 2682 ἱ.
447 2631 594 2689 nortales,
611 2632 664 2679 nisi
677 2637 702 2678 et
716 2638 792 2679 antea
807 2628 911 2680 ‘tamen’
926 2635 1094 2695 suppleveris,

139 2708 209 2773 quod
225 2722 294 2756 nunc
309 2705 371 2768 feci.
402 2703 474 2753 Certe
493 2719 516 2751 c.
537 2698 646 2751 ‘veluti’
663 2702 804 2764 exemptum
820 2708 924 2750 notante
942 2704 1031 2751 careri
1044 2718 1095 2752 non

134 2784 233 2843 potest,
252 2775 321 2841 quod
338 2774 463 2824 librarius
480 2772 512 2823 cb
529 2786 637 2836 sequens
655 2770 721 2820 uelut
739 2770 902 2821 omittendum
915 2785 970 2820 esse
984 2773 1094 2834 putauit.

140 2847 222 2915 ²)ssae
236 2847 300 2896 Issi.
374 2841 395 2912 ⁰)
410 2843 532 2908 quadrigis
546 2856 674 2906 aequorum
691 2841 716 2891 G.
736 2842 850 2906 quadriga
864 2854 978 2904 equorum
992 2840 1031 2888 ed.
1046 2839 1095 2905 Bp.

139 2916 161 2984 ⁴)
179 2916 218 2968 ‘ut
232 2932 283 2967 non
302 2916 393 2980 quanti
410 2915 499 2964 mortis
513 2920 637 2976 tempore,
655 2913 702 2962 sed
719 2913 810 2977 quanti
822 2914 850 2960 in
864 2925 894 2960 eo
908 2924 976 2959 anno
986 2911 1096 2973 plurimi

135 2986 235 3054 fuerit'
256 2989 296 3038 ed.
314 2986 363 3051 Bp.
390 2984 493 3035 Similia
510 2983 550 3033 ed.
569 2982 643 3033 stud.
722 2980 742 3049 ι)
756 2982 802 3032 Ex
815 2981 932 3032 Piscium.
947 2983 980 3043 qi.
998 2981 1097 3043 scripsi

138 3061 269 3128 (omissum
281 3073 318 3108 sc.
334 3057 387 3106 add.
402 3063 461 3105 ante
475 3053 548 3120 adst.)
564 3053 613 3120 (in)
627 3054 685 3103 edd.
700 3060 725 3103 et
738 3070 793 3103 mea
807 3066 827 3105 t.

138 3186 178 3247 §i-
193 3195 213 3234 s.
229 3194 250 3234 s.
265 3194 298 3233 ιι.
318 3181 340 3230 Ι.
356 3179 388 3229 ib.
405 3179 494 3229 Cottas.
510 3190 531 3240 r,
545 3189 565 3229 s.
585 3179 625 3239 55.
640 3191 661 3228 1.
675 3189 697 3227 t.
718 3176 770 3227 Ota.
777 3192 828 3240 pro
843 3176 906 3225 lull.
919 3187 950 3225 ιι.
970 3174 1003 3224 L.
1014 3185 1040 3224 ss
1049 3174 1094 3237 tin.

138 3248 469 3318 D.dere9.tar.(sc,1r).
541 3245 567 3317 ξ.
583 3251 643 3298 212.
660 3247 729 3311 &fit
753 3259 786 3299 ιο.
805 3246 867 3296 lli.
882 3254 900 3295 t.
915 3244 949 3311 (a,
963 3244 995 3311 s).
1014 3244 1046 3295 t.
1061 3254 1095 3295 ss.

138 3327 162 3387 ἓ.
177 3337 197 3375 1.
211 3324 244 3372 D.
259 3323 314 3372 eod.
330 3320 362 3387 (9,
376 3322 407 3385 2).
479 3314 504 3388 ξ.
518 3321 577 3369 213.
598 3319 636 3382 Of.
651 3319 675 3379 ἕ.
691 3331 723 3372 11.
741 3317 823 3372 Ltc.,·
837 3317 880 3366 tic.
895 3331 974 3365 meum
989 3312 1093 3364 ‘Gaius’

134 3412 163 3461 p.
179 3405 226 3445 104.
298 3389 324 3461 §
339 3394 399 3442 214.
421 3391 458 3454 Of.
474 3392 496 3452 ξ.
510 3401 530 3439 s.
550 3388 620 3438 Lib.
636 3390 659 3450 ὅ.
674 3400 708 3439 le.
727 3388 796 3437 Lde
809 3395 860 3437 act.
876 3386 912 3453 (4,
930 3384 955 3453 s)
972 3393 998 3436 et
1014 3400 1095 3448 supra

138 3468 224 3529 §.sau
240 3464 351 3525 infers.
366 3474 413 3514 sis.
468 3458 493 3527 ξ.
509 3462 569 3510 215.
589 3460 626 3522 Of.
642 3461 665 3520 §-
681 3470 714 3509 1s.
734 3459 794 3508 tt.
810 3466 827 3507 t.
843 3455 920 3524 (qs).
940 3457 971 3507 L.
986 3469 1019 3510 sr.
1035 3458 1094 3519 §.a

137 3537 171 3585 Ι).
186 3534 242 3585 eod.
258 3533 291 3600 (s,
304 3531 336 3598 s).
355 3548 436 3596 supra
450 3533 473 3593 9.
489 3542 528 3582 110
541 3545 593 3595 seq.
614 3527 719 3580 ‘Gaius’
734 3546 760 3594 p.
775 3541 821 3581 lot.

843 3612 895 3666 ΞΥ
