2609 3942
199 237 264 303 280
358 313 362 316 ι
483 253 543 290 ertu
561 254 660 289 marm.
678 236 714 288 ΙΙ.
732 240 875 291 aot-268.

201 395 234 451 de
248 394 314 469 alia,
336 396 394 450 siue
413 394 497 466 ipsius
519 394 644 467 legatarii
665 394 724 450 siue
742 393 826 449 aliena
841 395 886 450 sit.
922 387 1098 451 hooiootam
1115 395 1161 452 ob·

203 478 365 536 seruandum
380 485 432 546 est,
448 494 482 533 ne
493 477 555 551 pius
569 478 709 551 quisquam
722 485 836 550 rogetur
844 477 902 533 aliis
912 479 1067 548 restituere,
1084 494 1161 553 qoam

127 572 184 623 122.
204 563 262 635 ipse
278 578 309 617 ex
326 569 490 619 testamento
507 563 622 634 ceperit3
642 577 703 616 nam
720 555 725 636 Ι
743 560 815 634 quod
830 560 943 634 amplius
959 570 1011 633 est,
1029 563 1161 619 inutiliter

202 646 372 719 relinquitur.
417 640 488 702 262.
509 644 576 700 Cum
591 652 680 700 autem
696 645 781 700 aliena
796 661 839 700 res
859 661 908 718 per
926 643 1159 702 fideicommissum

201 730 372 802 relinquitur,
390 745 500 785 necesse
516 736 557 784 est
569 730 603 801 ei,
620 730 665 801 qui
681 738 794 801 rogatus
804 737 857 800 est,
872 735 918 783 aut
930 730 1017 801 ipsam
1029 729 1160 785 redimere

202 820 228 870 et
243 823 395 886 praestare,
419 820 465 868 aut
487 813 706 868 aestimationem
728 815 790 867 eius
804 811 928 881 soluere,
947 816 1020 869 siant
1034 814 1103 869 iaris
1118 820 1161 868 eet

202 901 229 954 ei
243 900 332 970 siper
345 896 541 952 damnationem
557 895 643 954 aliena
659 911 703 951 res
723 894 812 968 legata
834 896 883 951 sit:
904 902 969 951 sunt
988 903 1092 966 tamen,
1114 897 1160 968 qui

201 988 314 1054 putant,
341 981 364 1035 si
391 995 448 1035 rem
475 995 524 1052 per
551 977 788 1036 fideicommissum
815 978 934 1035 relictam
956 979 1079 1035 dominus
1104 996 1159 1035 non

202 1063 318 1129 uendat,
342 1063 462 1136 extingui
477 1060 728 1135 fideicommissum
752 1063 799 1117 sed
822 1062 898 1118 aliam
914 1079 974 1118 esse
991 1078 1096 1119 oausam
1112 1080 1161 1136 per

202 1146 399 1202 damnationem
415 1146 507 1219 iegati.

264 1226 335 1288 266.
364 1229 484 1287 Libertas
515 1244 625 1302 quoque
653 1244 734 1286 seruo
760 1245 809 1303 per
842 1227 1077 1286 fideicommissum
1104 1230 1162 1285 dari

201 1321 308 1388 potest,
338 1323 369 1370 ut
392 1313 434 1370 uel
463 1314 542 1370 ireres
565 1321 679 1387 rogetur
704 1315 908 1383 manumittere,
937 1314 980 1369 uei
1003 1314 1160 1387 legatarius.

201 1393 343 1454 eoelum
352 1402 482 1470 intereat,
495 1403 589 1454 utram
602 1399 695 1454 desua
706 1391 841 1468 proprio²
854 1413 935 1453 seruo
947 1404 1063 1453 testator
1069 1406 1160 1471 roget,
1177 1403 1231 1457 {20³1
1295 1455 1296 1470 ,

202 1498 235 1537 an
250 1481 283 1536 de
299 1498 342 1552 eo,
358 1484 404 1553 qui
419 1483 502 1555 ipsius
518 1480 626 1537 heredis
638 1489 685 1536 aut
697 1480 822 1553 legatarii
832 1479 875 1536 uei
888 1482 966 1537 etiam
983 1482 1102 1537 extranei
1116 1484 1162 1540 sit.

201 1559 268 1622 265.
281 1564 373 1637 itaque
383 1573 410 1619 et
422 1563 523 1620 aiienus
535 1581 632 1620 seruus
645 1563 740 1620 redimi
751 1573 779 1620 et
793 1564 945 1620 manumitti
956 1565 1049 1621 debet:
1065 1565 1163 1638 quodsi

202 1648 326 1704 domiuus
340 1664 401 1703 eum
416 1663 470 1703 non
487 1648 595 1717 nendat,
611 1664 675 1704 sane
685 1648 852 1721 extinguitur
866 1645 1070 1704 fideicommissa
1082 1647 1162 1704 iiber·

202 1740 251 1802 tas,
269 1731 398 1805 quiahoc
415 1748 486 1788 aoso
506 1724 604 1806 pretii³
625 1733 791 1803 computatio
811 1732 885 1788 nuiia
905 1733 1061 1789 interuenit.
1090 1727 1160 1793 266.
1242 1767 1245 1768 ν
1267 1795 1272 1801 ,

202 1814 253 1884 Qui
269 1825 358 1872 autem
381 1832 412 1872 er
434 1814 642 1873 fideicommissa
662 1816 871 1885 manumittitur,
894 1832 949 1871 uon
971 1818 1109 1872 testatoris
1131 1816 1162 1873 iit

202 1899 324 1969 libertus,
340 1900 443 1956 etiarnsi
459 1901 596 1956 testatoris
611 1915 708 1955 seruus
726 1898 829 1971 fuerit,
851 1901 902 1955 sed
915 1901 984 1972 eius,
1007 1902 1053 1972 qui
1067 1916 1162 1957 mano·

201 1985 291 2041 mittit.
333 1978 400 2043 267.
425 1985 458 2038 iit
480 1984 526 2056 qui
550 1983 653 2040 directo
684 1991 845 2038 testamento
867 1982 937 2038 iiber
959 2000 1019 2039 esse
1040 1982 1161 2056 iubetur,

201 2067 278 2123 uelut
293 2067 345 2123 hac
360 2065 454 2122 modo:
475 2081 605 2123 errones
626 2080 744 2123 servvs
761 2061 871 2142 (arere)
887 2082 981 2123 arnae
999 2083 1094 2138 asro,
1116 2067 1160 2125 uei

201 2150 268 2206 hoo:
286 2164 423 2206 erronum
439 2163 561 2206 suevum
575 2165 663 2207 unvai
677 2165 814 2209 umanum
828 2164 904 2207 nasu
919 2166 1024 2221 ivano,
1038 2153 1063 2206 ie
1074 2151 1162 2225 ipsius

200 2234 339 2288 testatoris
363 2231 393 2296 iit
415 2231 537 2287 iibertus.
580 2243 631 2289 nea
649 2232 717 2287 aiios
737 2233 809 2289 ullus
830 2232 934 2291 directo
950 2249 982 2289 ex
997 2242 1161 2291 testamento

200 2315 350 2371 libertatem
366 2314 464 2371 habere
479 2322 581 2387 potest,
597 2333 676 2389 quam
693 2318 738 2389 qni
753 2325 869 2389 utroque
886 2324 1006 2391 tempore
1022 2321 1161 2375 testatoris

201 2414 233 2454 er
248 2399 308 2452 iure
323 2398 472 2465 Quiritium
484 2397 589 2470 fuerit,
605 2407 633 2456 et
647 2417 703 2473 auo
716 2399 827 2472 faceret
842 2408 1046 2472 testamentum,
1062 2411 1090 2458 et
1105 2420 1160 2476 qua

148 2522 156 2535 .
200 2474 383 2559 namnetum!

69 2587 73 2592 ·
124 2573 182 2624 litt.
265 2557 346 2622 ⁴208.
359 2564 471 2621 diuitum
484 2574 573 2623 autem
585 2566 718 2624 differunt
727 2582 773 2636 ea,
785 2583 855 2641 quae
866 2584 914 2641 per
922 2559 1169 2626 fideicommissum*

272 2694 293 2763 ¹)
307 2697 352 2747 Bar
364 2697 428 2749 laet.
439 2699 482 2748 sed
491 2700 537 2749 hoa
549 2700 575 2749 0.
589 2701 648 2750 edd.
658 2716 746 2750 aerum
755 2701 798 2750 sod
810 2716 845 2750 eo:
849 2701 1023 2765 praecedente
1032 2703 1064 2752 sit
1072 2709 1160 2751 nomm

200 2769 308 2818 videtur.
331 2768 433 2819 Errare
446 2769 495 2836 39.
510 2771 549 2820 ed.
560 2781 580 2822 o.
600 2786 638 2820 me
652 2773 732 2835 priua
745 2772 787 2820 sed
802 2770 872 2834 (ante
887 2771 969 2837 etiam)
984 2775 1099 2822 omittere
1112 2775 1158 2821 ait.

202 2835 282 2904 ⁸)Ear
295 2839 358 2889 Iart.
377 2838 468 2889 (idaei.
487 2842 622 2903 supplevit,
692 2837 772 2906 ³)Ro
791 2839 837 2890 V*
849 2850 874 2891 et
887 2840 955 2891 Stat
973 2844 1022 2905 aja
1040 2844 1160 2892 similiter

200 2910 332 2975 quaedam,
347 2924 412 2974 quae
424 2917 567 2974 requiratur
580 2913 604 2972 6.
619 2922 673 2969 iet,
686 2926 721 2960 eor
734 2911 799 2961 Iret.
876 2909 898 2976 ⁴)
914 2912 1079 2962 staeoedant
1091 2914 1161 2962 duae

200 2983 284 3030 tineae
295 2981 354 3043 sere
368 2995 478 3042 oaeuee,
491 2979 614 3030 rubricae
628 2981 781 3031 destinatae.

270 3082 295 3153 6.
304 3086 365 3135 882.
376 3107 409 3125 ε
419 3086 442 3146 6.
452 3097 473 3134 1.
496 3084 518 3134 J.
533 3087 575 3134 ait.
595 3084 649 3148 Uip.
661 3098 695 3147 aa,
705 3097 726 3138 5.
747 3087 823 3136 Part.
832 3098 855 3149 e,
865 3099 884 3137 t.
897 3090 921 3149 6.
932 3101 952 3139 a.
971 3088 1004 3136 L.
1015 3100 1049 3137 u.
1064 3090 1086 3150 5.
1097 3101 1116 3139 a.
1127 3089 1159 3139 L.

199 3167 233 3207 tt).
248 3158 271 3218 6.
283 3157 327 3204 ult.
338 3155 370 3203 D.
381 3155 413 3204 de
423 3157 471 3220 tea.
481 3166 501 3206 tt.
539 3147 738 3222 §§.263-26t.
751 3157 789 3221 ΟΥ.
800 3158 832 3206 de
842 3158 934 3207 ordine
942 3173 1024 3220 snpra
1034 3160 1073 3220 66.
1084 3170 1159 3209 185-

199 3237 251 3286 1oo;
265 3226 340 3275 dere
354 3227 425 3287 εις.
440 3236 460 3275 a.
478 3225 572 3275 Leod.
587 3225 623 3292 (e,
637 3226 683 3292 ea).
707 3227 816 3291 iteapit.
830 3241 855 3289 1,
869 3239 904 3290 ιι,
918 3241 938 3278 1.
1001 3225 1027 3296 6.
1042 3231 1102 3279 263.
1119 3229 1159 3292 Cf.

199 3295 269 3358 Epir.
284 3306 305 3357 t,
320 3307 340 3347 r.
359 3297 383 3357 6.
397 3307 417 3347 r.
442 3294 497 3357 aaa.
511 3307 545 3358 m,
559 3307 593 3348 ro.
613 3309 634 3359 e,
648 3310 669 3348 a.
689 3297 765 3346 Paot.
779 3309 801 3360 r,
815 3309 849 3349 ιι
868 3299 891 3359 5.
905 3310 927 3348 e
941 3310 1011 3359 aro.
1061 3295 1087 3366 6.
1097 3302 1158 3350 264.

201 3364 417 3427 monoteta.
440 3365 756 3431 Epo.t.a.dtp.a,1o.
819 3364 845 3435 6.
861 3369 921 3419 666.
941 3367 1010 3431 Epir.
1028 3372 1044 3418 i.
1060 3385 1082 3419 a.
1102 3369 1158 3433 Uip.

199 3445 225 3494 e,
243 3445 278 3483 11.
296 3433 329 3482 L.
347 3446 369 3485 e.
390 3434 492 3486 det.
513 3435 550 3499 (r,
566 3435 600 3501 e).
619 3438 779 3499 §.aimo
851 3434 1158 3505 §.toocfivtana

199 3502 270 3565 Epor.
285 3504 302 3551 i.
316 3518 339 3552 ο.
411 3500 437 3571 6
451 3505 567 3569 26⁷.OE
586 3506 748 3570 Ulmum.
766 3518 840 3570 μη
913 3505 938 3577 6
952 3511 1013 3561 268.
1034 3509 1159 3574 ΟΙῖΕρίἰ.

198 3572 526 3634 treatment
