2609 3942
197 169 260 235 276
481 185 542 221 osu
559 184 658 220 nesrrr.
676 165 712 218 ΙΙ.
732 170 873 219 eol-249.

198 327 305 383 datione
320 324 501 399 compellitur,
522 332 552 379 ut
567 323 667 398 aliquid
682 331 777 381 contra
794 325 965 397 propositum
979 339 1059 379 suum
1074 322 1156 379 iaciat

198 419 244 466 aut
259 426 313 465 non
329 409 416 465 iaciat.

260 488 331 549 244.
355 494 395 548 dn
417 493 457 558 ei,
485 494 531 566 qui
560 493 587 547 in
609 499 745 565 potestate
767 491 803 546 sit
823 493 897 555 eius,
927 507 1007 564 quem
1029 490 1156 548 heredem

199 577 380 649 instituimus,
400 584 474 633 recte
494 576 631 650 legemus,
654 575 807 649 quaeritur.
843 574 954 631 Seruius
972 582 1048 631 reete
1069 574 1155 648 legari

199 669 287 734 putat,
302 660 350 718 sed
365 651 525 717 euanescere
540 660 670 733 legatum,
685 660 709 714 si
724 674 778 731 quo
795 666 915 732 tempore
930 658 988 714 dies
1003 657 1155 731 legatorum

200 745 296 802 cedere
310 745 391 814 solet,
407 746 493 801 adhuc
503 744 530 799 in
541 750 677 817 potestate
687 743 736 814 sit3
751 742 869 815 ideoque
884 743 941 798 siue
952 758 1021 815 pure
1035 742 1156 816 legatum

200 830 236 884 sit
251 838 279 885 et
293 829 356 884 uiuo
373 835 502 884 testatore
517 829 544 882 in
558 835 694 900 potestate
705 825 812 882 heredis
824 843 884 883 esse
893 825 1014 895 desierit,
1030 827 1090 881 siue
1105 825 1155 882 sub

200 912 357 968 condicione
379 918 406 967 et
428 920 489 967 ante
511 910 697 967 condicionem
711 909 738 965 id
754 909 890 975 acciderit,
912 909 1004 966 deberi
1025 909 1154 983 legatum.

199 994 312 1050 Sabinus
328 1003 355 1050 et
369 993 476 1049 Cassius
491 994 542 1049 sub
557 993 715 1050 condicione
727 1000 801 1049 recte
813 993 906 1068 legari,
922 1010 990 1067 pure
1001 1009 1057 1049 nou
1071 1001 1155 1065 recte,

199 1085 311 1151 putant;
333 1078 398 1134 licet
419 1079 489 1134 enim
512 1078 576 1133 uiuo
593 1085 724 1134 testnore
738 1078 826 1150 possit
840 1077 962 1134 desidere
977 1079 1005 1133 io
1019 1085 1156 1151 potestate

199 1161 305 1217 heredis
325 1178 402 1232 esse,
424 1160 484 1217 ideo
502 1169 589 1217 tamen
612 1160 706 1217 inutile
729 1160 848 1234 legatum
871 1160 992 1235 intellegi
1017 1169 1154 1236 oportere,

200 1246 261 1318 quia
282 1245 354 1319 quod
373 1245 460 1300 nullas
481 1246 552 1301 uires
570 1246 722 1302 habiturum
744 1244 825 1315 soret,
847 1246 870 1300 si
885 1246 973 1301 statim
995 1253 1058 1318 post
1072 1252 1155 1301 testa-

199 1336 318 1385 mentum
342 1330 441 1386 lectum
461 1328 622 1386 decessisset
644 1336 775 1399 testator,
805 1329 857 1385 hoc
878 1328 940 1385 ideo
961 1328 1064 1393 ualere,
1094 1330 1216 1401 quiahoc}

121 1406 178 1455 11⁷·
198 1415 279 1468 uitam
296 1413 404 1487 longius
420 1415 541 1484 traxerit,
556 1412 701 1469 absurdum
714 1420 795 1469 esset.
821 1406 891 1490 sedi
908 1412 1031 1469 diuersae
1042 1412 1155 1469 scholae

198 1503 324 1552 auctores
339 1514 389 1552 nec
402 1496 452 1551 suh
467 1496 625 1553 condicione
636 1505 708 1552 recte
721 1495 804 1570 legari
816 1489 1002 1568 (eiputantl¹,
1015 1499 1076 1569 quia
1085 1512 1154 1569 quos

197 1581 225 1635 in
240 1578 525 1653 potestatehahemus,
542 1582 580 1635 eis
596 1595 650 1636 non
666 1581 749 1653 magis
764 1579 814 1636 suh
825 1580 982 1637 condicione
997 1596 1075 1653 qnam
1086 1596 1155 1653 pure
1203 1616 1209 1621 -

198 1662 295 1720 debere
310 1680 465 1736 possumus.
508 1660 578 1722 245.
600 1662 638 1718 En
660 1664 766 1720 diuerso
789 1672 910 1733 constat,
932 1663 964 1720 ab
987 1680 1036 1736 eo,
1059 1665 1104 1737 qui
1127 1665 1155 1720 in

197 1755 334 1820 potestate
349 1742 425 1823 (tuo)
440 1754 493 1819 est,
516 1747 615 1803 herede
637 1750 763 1803 instituto
785 1756 859 1804 recte
876 1747 924 1803 tihi
945 1747 1046 1830 legari3
1067 1746 1116 1804 sed
1130 1749 1154 1802 si

198 1840 228 1886 tu
243 1849 292 1905 per
307 1848 367 1887 eum
384 1832 462 1887 heres
478 1833 609 1903 extiteris,
625 1847 788 1888 euanescere
803 1831 934 1904 legatum,
955 1833 1017 1903 quia
1032 1831 1090 1905 ipse
1104 1831 1153 1886 tihi

197 1915 317 1989 legatum
339 1915 437 1972 dehere
460 1933 515 1971 non
538 1917 641 1990 possis,
672 1917 695 1970 si
717 1931 783 1970 uero
809 1912 1084 1988 filiusemanciputus
1107 1923 1154 1971 aut

198 2015 293 2055 seruus
308 2002 487 2055 manumissus
508 2002 558 2055 erit
573 1999 617 2055 uel
637 2001 665 2054 in
686 1998 766 2054 alium
783 1999 937 2068 translatus,
961 2000 1060 2072 etipse
1075 1999 1154 2054 heres

197 2085 316 2140 extiterit
331 2092 377 2139 eut
392 2082 471 2137 alium
484 2082 595 2151 iecerit,
609 2082 702 2138 deberi
716 2082 846 2156 legatum.

259 2163 329 2223 246.
352 2159 452 2223 Nunc²
467 2174 632 2220 transeamus
648 2166 680 2220 ud
698 2155 909 2225 fideicommissa.

260 2244 327 2304 247.
350 2248 383 2302 lit
404 2249 478 2320 prius
494 2247 527 2304 de
543 2248 736 2305 hereditatibus
753 2250 900 2309 uideamus.
941 2248 1013 2307 248.
1028 2250 1153 2324 Inprimis

198 2333 281 2404 igitur
296 2331 434 2386 sciendum
449 2340 491 2386 est
507 2348 574 2405 opus
590 2348 661 2404 esse,
683 2340 712 2388 ut
727 2333 823 2406 aliquis
844 2334 922 2390 heres
945 2342 1020 2390 recto
1040 2335 1098 2391 iure
1113 2336 1154 2391 in·

198 2417 327 2470 stituatur
348 2417 459 2487 eiusque
483 2414 544 2471 tidei
566 2419 759 2487 committatur,
785 2426 814 2473 ut
835 2434 892 2473 eom
911 2417 1088 2474 hereditatem
1110 2418 1155 2474 alii

196 2501 337 2568 restituat3
354 2498 471 2573 alioquin
487 2500 581 2556 inutile
597 2509 638 2556 est
655 2507 854 2574 testamentum,
870 2503 897 2557 in
912 2518 967 2576 quo
982 2518 1060 2558 nemo
1076 2510 1153 2559 recto

196 2583 255 2637 iure
278 2583 355 2639 heres
377 2584 537 2640 instituitur.
574 2579 643 2641 249.
664 2582 749 2640 Verba
765 2594 853 2641 autem
870 2587 944 2642 utilia
966 2583 1153 2642 fideicommis-

196 2683 287 2722 sorum
304 2667 369 2723 haec
383 2660 476 2739 ’fere8
491 2670 600 2724 manime
612 2670 639 2724 in
655 2685 707 2724 usu
722 2685 782 2724 esse
795 2668 935 2727 uidentur:
950 2685 1041 2740 euno,
1057 2685 1153 2742 noe0,

268 2885 287 2954 l)
301 2889 388 2939 Etiam
403 2885 458 2938 ‘ei'
475 2905 543 2939 nunc
560 2892 678 2954 supplevi
697 2889 747 2955 (ed.
762 2890 793 2957 5).
863 2887 939 2956 ¹)De
960 2891 1051 2941 Gdsclr.
1066 2893 1098 2954 qi.
1117 2905 1153 2940 ex

194 2960 258 3010 Inar.
275 2960 401 3023 Cf.1‚1se.
416 2972 437 3023 s,
447 2972 481 3011 oo.
494 2972 529 3012 or.
539 2971 560 3023 o,
571 2971 604 3011 eo.
615 2973 662 3012 ros.
678 2973 700 3022 4,
714 2973 748 3013 ss.
763 2962 822 3012 ltine
835 2961 861 3012 (t
873 2968 898 3011 et
912 2957 1023 3011 νηοῖο.
1033 2960 1153 3025 (praeter

193 3030 241 3096 Bp.
256 3029 288 3096 o.)
361 3028 383 3095 ³)
398 3030 442 3078 Em
460 3029 515 3094 Ulp.
531 3032 547 3079 l.
563 3046 585 3080 ο.
600 3038 665 3081 recte
683 3032 707 3081 θ.
728 3029 818 3099 [recte]
833 3032 880 3097 Bp.
896 3038 921 3080 et
934 3030 1008 3081 stud.
1022 3031 1080 3080 edd.

264 3219 290 3290 ξ.
306 3226 366 3275 244.
387 3223 426 3287 (tf.
445 3226 469 3286 ξ.
489 3235 523 3275 m.
543 3224 565 3274 I.
584 3224 646 3273 ibid.
666 3223 822 3288 idpsum.
841 3223 873 3274 L.
889 3237 900 3273 1
916 3239 960 3288 pr.
979 3223 1046 3276 lae
1072 3223 1104 3271 D.
1120 3223 1152 3272 de

194 3308 248 3356 rep.
266 3294 317 3343 Cat.
334 3296 377 3357 (su,
392 3293 423 3358 r).
479 3290 503 3362 §-
519 3296 578 3344 245.
600 3294 638 3357 Os.
653 3296 677 3356 ς.
692 3306 725 3345 oo.
745 3294 767 3346 Ι.
782 3297 819 3344 tit.
836 3295 879 3344 cit.
899 3293 955 3359 Ulp.
970 3305 1004 3357 so,
1018 3305 1051 3344 so.
1070 3309 1152 3358 sopra

195 3363 219 3421 §-
234 3373 280 3412 189.
329 3360 373 3431 ἕξ.
388 3367 448 3414 246.
464 3368 523 3415 247.
539 3386 573 3406 ει
583 3380 627 3427 pr.
641 3364 663 3413 I.
675 3365 706 3413 de
717 3365 799 3428 [dese.
810 3365 896 3415 dered.
907 3364 939 3429 (2,
954 3362 999 3431 23).
1054 3360 1079 3432 ξ.
1090 3366 1150 3416 248.

196 3431 302 3490 ΞΜ.
321 3435 377 3481 init.
397 3433 418 3481 I.
438 3435 493 3483 eod.
519 3435 557 3497 Cf.
571 3434 642 3498 Epo.
658 3448 682 3496 2,
702 3447 714 3486 't
731 3450 776 3498 pr.
830 3432 855 3504 ξ
871 3438 931 3486 249.
947 3438 1053 3498 ΞΜ.
1082 3434 1152 3484 Lae

196 3501 263 3563 einp.
277 3499 330 3548 reb.
341 3517 369 3563 p⁴
382 3503 462 3564 sdess.
477 3503 508 3568 (s,
522 3504 568 3570 24).
593 3504 631 3568 Of.
651 3504 707 3568 Uip.
721 3516 756 3568 m,
766 3518 786 3556 s.
801 3518 822 3568 s,
837 3518 857 3557 r.
877 3507 952 3556 Paul.
967 3519 989 3565 4,
1004 3519 1024 3556 ι.
1040 3507 1080 3568 55.
1094 3517 1115 3557 n.
1130 3517 1150 3556 e.
