2609 3942
438 214 498 251 cun
515 216 611 252 nesure.
629 200 678 254 ΙΙΙ.
696 206 805 257 tto-et.
1035 206 1096 271 307
1141 231 1146 239 ·

138 354 320 428 adoptandum
343 353 430 425 dedit,
454 372 562 429 quaeue
583 358 611 412 in
627 374 734 413 manum
757 362 893 431 conuenit,
915 360 1014 417 desinit
1036 380 1095 419 esse

137 433 262 507 'heres;¹
282 438 316 494 de
331 454 364 494 eo
380 454 462 509 uero,
486 440 559 512 quod
574 442 687 514 proprio
702 444 812 498 nomine
833 459 880 498 eae
899 461 1029 517 personae
1050 447 1095 503 de·

139 523 257 595 buerint,
272 522 334 578 licet
349 539 438 595 neque
452 532 530 595 pater
545 523 689 597 adoptiuus
704 534 830 581 teneatur
845 543 933 599 neque
948 531 1095 601 coemptio·
1138 557 1140 559 v

138 617 229 678 nator,
246 623 339 677 neque
351 607 409 679 ipse
422 607 539 679 quidem,
556 609 603 679 qui
618 607 656 664 ’se
673 612 699 664 ei
712 610 739 664 in
754 604 948 683 adoptionem²
961 611 1035 667 dedit
1050 616 1096 669 uel

139 707 207 764 quae
227 692 254 747 iu
273 707 381 747 manum
398 691 534 760 couueoit,
557 701 661 747 maneat
684 692 819 765 obligatus
841 693 1009 767 obligatam,
1032 696 1095 768 quia

137 767 269 833 scilicet³
289 791 340 848 per
360 775 455 848 capitis
478 774 682 831 diminutionem
704 775 848 848 liberetur,
871 786 961 833 tamen
984 779 1011 833 in
1034 795 1094 834 eum

63 867 123 920 [see]
137 874 232 916 eamne
255 859 328 915 utilis
352 860 422 915 actio
444 858 525 914 datur
540 859 655 914 rescissa
672 852 677 935 Ι
693 860 787 931 eapitis
808 861 1002 933 deminutione,
1024 870 1052 917 et
1072 864 1161 917 silbo.

137 944 268 999 aduersus
283 943 352 998 hanc
367 945 501 998 actionem
524 958 578 996 non
600 942 794 1009 defendantur,
818 961 886 1018 quae
908 944 978 1001 bona
1000 962 1094 1001 eorum

135 1028 228 1084 futura
250 1027 383 1098 inissent,
405 1028 429 1082 si
448 1042 478 1081 se
493 1026 580 1082 alieno
602 1027 654 1083 iuri
676 1044 730 1083 uon
752 1026 943 1095 subiecissent,
967 1031 1095 1086 uniuersa

136 1113 256 1168 uendere
272 1110 451 1169 creditoribus
466 1119 576 1183 praetor
589 1104 753 1183 permittit⁴

199 1192 247 1253 85.
275 1195 348 1253 Item
369 1198 395 1251 si
420 1196 506 1252 heres
532 1195 679 1267 legitimam
708 1196 908 1265 hereditatem,
938 1203 1092 1270 autequam

137 1290 236 1339 cernat
251 1288 297 1335 aut
312 1296 362 1353 pro
377 1280 476 1335 herede
492 1286 579 1351 gerat,
602 1278 649 1334 alii
661 1281 689 1334 in
705 1279 763 1333 iure
777 1279 862 1348 cedat,
885 1279 966 1351 pleno
981 1281 1039 1334 iure
1063 1278 1093 1335 lit

135 1367 182 1422 ille
193 1366 281 1433 heres,
297 1365 341 1419 cui
356 1378 432 1419 cessa
443 1372 485 1418 est
496 1360 640 1429 hereditas,
650 1364 773 1432 perinde
785 1378 821 1417 cc
831 1366 858 1417 si
867 1366 994 1432 ipseper
1004 1362 1092 1435 legem

136 1451 169 1505 ad
185 1448 361 1503 hereditatem
376 1454 533 1517 uocaretur3
556 1443 653 1516 quodsi
675 1452 852 1517 posteaquam
866 1445 948 1500 heres
963 1445 1092 1516 extiterit,

136 1532 266 1598 cesserit,
289 1529 375 1584 adhuc
397 1529 578 1584 heres'manet
594 1535 622 1581 et
644 1526 679 1581 oh
700 1527 727 1582 id
750 1527 929 1584 creditoribus
945 1531 1003 1601 ipse
1019 1537 1093 1585 tene·

137 1615 225 1683 bitur3
248 1612 296 1668 sed
312 1628 354 1667 res
369 1610 522 1682 corporales
544 1609 689 1666 transferet
709 1613 822 1683 proinde
842 1627 872 1667 ac
887 1615 909 1667 si
924 1612 1044 1686 singulas
1064 1616 1092 1667 ln

138 1701 197 1755 lure
209 1697 346 1767 cessisset,
358 1695 447 1750 debita
461 1706 526 1749 uero
537 1701 662 1767 pereunt,
678 1708 765 1765 eoque
776 1694 857 1750 modo
868 1693 1003 1749 debitores
1016 1695 1093 1750 here·

137 1784 231 1839 ditarit
244 1781 347 1836 lucrum
364 1779 475 1833 iaciunt.
507 1772 557 1834 86.
574 1774 644 1830 ldem
661 1776 726 1830 iuris
742 1786 794 1849 est,
810 1778 833 1831 si
848 1785 1010 1832 testamento
1027 1778 1092 1832 scri-

135 1877 201 1941 ptus
216 1867 310 1935 heres,
325 1873 501 1936 posteaquem
516 1861 595 1915 heres
611 1860 746 1929 estiterit,
768 1862 796 1914 in
814 1860 873 1914 iure
888 1860 1000 1914 cesserit
1014 1859 1093 1915 here·

136 1952 264 2017 ditatem;
292 1956 355 2003 ante
376 1946 474 2003 aditam
497 1961 562 2000 uero
593 1942 771 1998 hereditatem
794 1942 913 1999 cedendo
936 1942 1010 1997 nihil
1026 1943 1092 2016 agit.

137 2032 182 2093 87.
199 2034 271 2089 Suus
286 2038 375 2087 autem
392 2037 420 2085 et
434 2030 602 2085 necessarius
619 2022 663 2101 (et
677 2020 891 2099 necessarius)⁶
904 2026 982 2081 heres
997 2043 1030 2081 an
1045 2025 1092 2080 ali·

137 2121 204 2192 quid
218 2109 324 2191 ’rigant⁵
337 2116 365 2170 in
379 2117 438 2170 iure
453 2112 590 2180 cedendo,
612 2111 770 2182 quaeritur:
792 2111 879 2165 nostri
902 2117 1092 2183 praeceptores

136 2203 203 2259 nihil
219 2218 266 2257 eos
281 2214 363 2273 agere
378 2197 543 2269 existimant3
561 2195 689 2251 diuersae
701 2195 809 2249 scholae
821 2201 945 2249 auctores
958 2193 1027 2248 idem
1043 2209 1092 2247 eos

136 2302 219 2360 agere
234 2292 339 2357 putant,
355 2280 429 2355 quod
444 2281 526 2335 ceteri
542 2286 605 2353 post
618 2278 716 2332 aditam
732 2278 923 2345 hereditatem
939 2277 1003 2333 nihil
1019 2279 1090 2332 enim

136 2373 262 2439 interest,
279 2374 369 2422 utrum
379 2363 474 2435 aliquis
486 2361 621 2419 cernendo
633 2370 679 2416 aut
693 2377 744 2434 pro
760 2361 859 2416 herede
874 2361 994 2434 gerendo
1009 2362 1090 2417 heres

136 2452 193 2521 liat,
210 2469 244 2508 an
259 2453 325 2506 iuris
340 2448 500 2504 necessitate
516 2446 658 2502 hereditati
672 2437 886 2518 adstringatur.⁶
901 2438 906 2520 Ι

135 2546 349 2559 ,...-----

209 2582 230 2652 ¹)
244 2585 346 2634 heredes
370 2581 397 2631 V
397 2577 425 2631 ’ἵ
450 2581 564 2644 sortasse
583 2579 717 2643 lependum
734 2585 785 2626 eat:
808 2577 895 2624 desiuit
908 2591 960 2625 esse
981 2578 1052 2625 heres
1067 2584 1091 2625 et

136 2660 233 2709 debere.
311 2651 332 2721 ²)
347 2669 373 2702 se
392 2653 460 2701 adem
479 2650 625 2712 lnoptionem
644 2644 695 2695 Vn.
719 2648 820 2694 incerta
838 2647 920 2709 ipitur
936 2663 959 2694 o.
975 2647 997 2694 ei
1014 2648 1090 2695 etiem

137 2731 219 2781 omitti
229 2732 321 2791 potest.
387 2720 508 2788 ⁸)Dubio
520 2720 655 2780 scriptura
665 2718 780 2779 fortusse
791 2716 845 2777 suit
859 2723 910 2762 acet
923 2717 944 2763 si
953 2737 986 2757 =
997 2717 1091 2765 scilicet

137 2799 295 2867 (abundante
314 2793 345 2861 si)
365 2800 409 2842 out
427 2793 462 2840 scl
482 2798 505 2838 et
523 2790 548 2838 hi
563 2810 597 2829 =
611 2787 704 2836 scilicet
718 2794 741 2833 et
755 2786 780 2833 hi
795 2784 923 2850 (sequente
940 2784 1090 2850 liberentur).

137 2869 160 2938 ⁴)
177 2869 234 2920 Non
253 2869 304 2917 duo
323 2878 413 2914 aerem
431 2862 525 2911 litteris
542 2859 620 2908 necui
637 2863 791 2921 sequuntur,
810 2862 838 2903 ut
854 2853 984 2903 Gdscbeuo
1002 2857 1091 2912 uisum,

135 2943 183 2992 ced
200 2954 267 2989 unus
280 2936 403 2987 rubricae
417 2933 567 2982 destinatus.
604 2930 632 2977 io
646 2930 768 2977 alternet
781 2931 873 2988 posteo
892 2938 957 2987 quae
975 2926 1026 2987 lepi
1040 2939 1091 2973 nou

132 3016 287 3076 potueruut,
301 2995 450 3056 adsensum
463 3017 498 3051 eae
516 3000 543 3050 V
544 2996 565 3032 'l
577 2999 701 3062 supplevi.
740 2996 855 3045 Ceterum
868 2995 900 3042 de
913 3005 938 3055 tt,
953 3004 1040 3044 Sti-et
1055 2994 1089 3054 cs.

136 3085 164 3131 in
175 3081 291 3145 praefat.
302 3093 330 3140 p.
344 3086 390 3127 tce.
405 3075 483 3123 dicte,
541 3068 562 3135 ὓ)
576 3076 630 3132 agat
646 3068 671 3117 (J.
686 3068 753 3116 unde
767 3066 799 3115 de
813 3066 916 3129 culpari
930 3065 1091 3113 correctione

137 3160 209 3215 agant
226 3158 251 3200 et
268 3150 300 3198 de
318 3147 489 3210 supplemento
510 3142 579 3207 quod
596 3140 735 3189 secuudum
757 3135 924 3186 trimembrem
941 3135 1091 3183 diuisionem

136 3236 162 3279 t,
180 3233 227 3274 162.
247 3219 340 3269 addidi
357 3224 382 3266 et
400 3230 467 3264 onae
481 3214 570 3276 potius
587 3218 677 3275 posteo
691 3223 743 3271 pro
762 3222 803 3255 eos
822 3206 861 3255 bie
876 3204 1039 3254 scribendum
1056 3205 1091 3252 sit

137 3307 204 3356 eum,
219 3290 335 3341 dubitari
344 3288 444 3352 possim·
461 3285 508 3333 sed
520 3283 589 3332 ratio
609 3283 636 3329 iu
651 3281 704 3343 fine
722 3279 814 3327 addita
832 3276 964 3326 lectionem
978 3281 1091 3324 nostrum

136 3365 278 3427 coufirmat.
352 3355 373 3421 ⁶)
392 3356 513 3420 Sequitur
532 3354 601 3402 linea
620 3367 676 3401 curn
690 3349 820 3414 sequentia
833 3364 856 3395 u.
871 3347 959 3403 initio,
978 3360 1013 3394 eu
1025 3343 1090 3393 Inst.

134 3436 265 3498 suppleto,
280 3431 374 3480 litteris
387 3442 477 3477 vocuo.

133 3519 348 3535 ,,,,,......-..-

206 3552 251 3626 ξξ.
266 3555 380 3605 85-87.
401 3552 438 3615 Of.
454 3562 474 3612 a,
489 3557 584 3600 st—ar.

838 3624 891 3679 ab*
