2609 3942
157 255 165 270 ,
229 199 293 260 224
523 212 580 247 nan
597 211 699 247 marin.
716 194 752 246 ΙΙ.
773 198 891 247 14·-15.

231 347 385 425 tinentur‚¹
406 362 434 410 et
456 354 575 424 fructus,
591 352 636 425 qui
652 367 685 406 en
701 350 784 405 lundo
805 351 1006 423 percipiuntur,
1027 348 1180 421 corporales

172 454 212 502 572
230 445 305 501 sunt,
321 445 348 493 et
364 433 411 511 (id)
435 437 508 510 qnod
523 453 555 491 es
571 436 660 508 aliqua
678 433 841 506 obligatione
861 435 942 489 nobis
961 434 1094 499 debetur,
1108 425 1111 509 )
1127 432 1180 505 ple·

167 519 216 557 ‘⁴-
230 537 344 594 rumque
365 523 514 593 corporale
535 528 587 591 est,
609 522 700 575 ueluti
718 517 834 586 fundus,
857 517 953 584 bomo,
974 518 1101 589 pecunia:
1123 532 1179 571 nam

231 607 318 678 ipsum
338 606 379 660 ius
399 604 577 661 successionis
598 612 624 658 et
644 603 733 675 ipsum
760 603 805 656 ius
824 600 1026 656 utendilruenali
1043 608 1071 654 et
1096 601 1180 671 ipsum

230 691 272 744 ius
293 688 464 761 obligationis
488 685 660 760 incorporale
687 693 737 740 est.
779 684 874 739 eodem
901 700 1014 740 numero
1039 691 1103 737 sunt
1126 685 1180 738 iura

230 772 401 846 praediorum
423 772 584 828 urbanorum
600 777 630 824 et
642 771 816 837 rusticorum,
837 783 913 839 puae
931 772 1015 832 etiam
1029 769 1181 823 seruitutes
1270 782 1271 853 )

230 848 398 913 uocantur.²
436 856 635 919 'urbanorum‚
652 853 731 909 uelut
746 851 825 907 allius
842 850 965 921 tollendi,
980 859 1011 907 ut
1028 849 1179 921 officiani!
1270 860 1271 865 ’

232 941 294 995 iure
314 937 459 994 luminibus
481 938 561 994 uicini
581 935 676 1006 aedes,
702 939 753 992 aut
773 951 827 990 non
848 934 1016 1003 amolimini,
1044 949 1078 987 ne
1103 932 1178 988 lumi·
1191 941 1240 993 [rso]

230 1022 308 1077 nibus
324 1022 405 1076 uicini
420 1021 567 1078 officiatur:
584 1020 669 1087 litem
693 1018 831 1073 fluminum
845 1027 873 1074 et
894 1018 1091 1073 stillicidiorum
1112 1016 1179 1072 ldem

231 1107 274 1161 ius
290 1114 320 1160 ut
335 1099 412 1171 sit³l
593 1101 1032 1167 νν.10·-14---)..,
1203 1100 1206 1109 '

293 1186 352 1245 14⁸.
375 1186 426 1244 Res
446 1195 601 1258 praeterea
617 1194 669 1242 aut
683 1190 810 1256 mancipi
824 1191 893 1241 surrt
906 1192 957 1241 aut
972 1200 1022 1240 uec
1036 1186 1156 1256 mancipi.
1175 1189 1180 1251 ι

232 1266 294 1329 leb.
311 1273 423 1346 llauclpi
437 1280 501 1328 sunt
516 1276 610 1341 serui,
626 1272 726 1338 boues,
742 1272 820 1341 equi,
836 1271 919 1340 muli,
936 1270 1013 1324 asini
1025 1276 1052 1324 ei
1064 1269 1159 1340 fundi,
1176 1276 1182 1329 Ι

230 1358 295 1411 lieni
316 1357 411 1426 aedes,
438 1359 465 1412 in
486 1355 575 1411 ltalico
595 1348 672 1408 solo⁴
693 1382 732 1393 -—
752 1382 794 1393 -—
813 1370 836 1406 v.
862 1353 909 1408 17.
932 1351 995 1407 dim.
1013 1355 1183 1420 1——

233 1457 272 1493 vv.
281 1440 330 1496 18.
341 1440 378 1495 19
542 1441 704 1504 seruitultes
710 1436 880 1510 praediorum
886 1434 1049 1491 urbanorum
1057 1451 1106 1490 uec
1111 1450 1183 1489 man·

232 1523 284 1595 cipi
299 1530 373 1578 suat.
391 1525 476 1580 litem
491 1522 662 1595 stipendiaria
674 1521 783 1593 praedia
800 1529 827 1574 et
848 1520 987 1574 tributaria
1005 1535 1054 1575 occ
1070 1519 1183 1590 mancipi

231 1614 305 1663 sunt.
337 1603 382 1662 la.
398 1605 451 1661 Sed
471 1604 543 1678 quod
564 1605 687 1676 diximus,
708 1606 804 1674 boues,
825 1619 920 1675 equos,
941 1606 1031 1659 mulos
1046 1609 1074 1659 et
1088 1605 1185 1658 annos

305 1779 324 1848 1)
339 1797 400 1844 nam,
415 1784 485 1846 quod
497 1783 596 1831 addunt
608 1781 686 1839 Insa,
705 1782 794 1829 melius
805 1779 883 1829 abest.
953 1775 974 1842 ²)
987 1778 1033 1826 Eae
1046 1777 1109 1827 Iast.
1124 1793 1184 1842 sup·

226 1855 304 1916 plevi.
341 1853 373 1901 In
392 1870 432 1905 oo.
446 1857 537 1905 7-2‘4.
556 1853 633 1901 buius
651 1853 766 1915 popinae
788 1849 879 1898 Gaium
897 1851 1009 1912 primum
1026 1850 1184 1911 exposuisse,

231 1938 295 1987 quae
309 1931 392 1972 essent
409 1925 470 1972 iura
484 1939 529 1985 pr.
549 1922 604 1971 urb.
624 1929 648 1969 et
665 1928 742 1979 rust,
760 1920 904 1984 apparebat
922 1922 972 1968 a'om
990 1935 1025 1968 ex
1042 1919 1148 1982 Epicu,
1164 1933 1185 1970 1.
1270 1942 1271 2027 p

231 1995 253 2055 ἓ.
269 2005 302 2045 b:
323 1991 518 2057 ‘Incorporalia
536 1995 613 2041 etiarn
630 1998 690 2039 sunt
708 1993 768 2039 iura
782 1991 952 2053 praediorum
973 1989 1130 2038 urbanorum
1144 1992 1187 2038 uel
1270 2052 1271 2059 ἵ

230 2066 392 2114 rusticorum.
428 2063 601 2111 Praediorum
618 2060 775 2109 urbanorum
793 2063 931 2109 iurarunt
950 2060 1095 2117 stillicidia,
1112 2060 1186 2123 fene·

230 2142 309 2192 strae,
324 2136 438 2190 cloacae,
452 2133 530 2180 citiam
548 2131 688 2194 erigendae
705 2131 794 2179 domus
809 2138 855 2178 aut
872 2146 922 2179 ann
937 2131 1089 2194 erigendae,
1108 2138 1134 2178 et
1147 2133 1187 2180 lu·
1270 2130 1271 2181 3

230 2206 337 2261 minum,
355 2208 382 2249 ut
401 2204 438 2249 ita
456 2203 513 2264 quis
528 2201 654 2263 fabricet,
673 2208 701 2248 ut
713 2202 814 2249 vicinae
832 2202 919 2249 domui
936 2203 1018 2249 lumen
1033 2215 1084 2251 non
1102 2203 1187 2250 tollat.
1270 2232 1271 2261 3

232 2272 404 2321 Praediorum
422 2287 485 2320 uero
506 2273 663 2320 rusticorum
681 2273 741 2319 iura
763 2277 824 2318 sunt
845 2273 890 2319 uia
909 2273 950 2319 uel
971 2273 1033 2330 iter,
1048 2286 1099 2333 per
1118 2273 1190 2335 quod

227 2356 309 2405 pecus
322 2348 367 2389 aut
380 2342 504 2389 animalia
514 2341 621 2389 debeant
634 2340 764 2389 ambulare
774 2342 861 2389 uelud
874 2357 966 2404 aquam
982 2342 1052 2398 duci,
1067 2349 1187 2406 etoquue

231 2413 337 2460 ductus:
343 2426 408 2474 quae
416 2413 535 2459 similiter
544 2413 722 2474 incorporalia
731 2418 798 2459 sunt.
813 2411 887 2460 Haec
894 2413 955 2459 iura
961 2419 1012 2460 tam
1018 2413 1188 2470 rusticorum,

231 2496 305 2545 quam
319 2481 475 2530 urbanorum
484 2482 654 2544 praediorum
660 2483 796 2529 servitutes
805 2478 990 2543 appellantur'.
1041 2478 1062 2545 3)
1073 2481 1119 2530 Ex
1134 2480 1189 2540 11³⁸,

231 2552 275 2600 ubi
288 2558 348 2599 sunt
361 2568 399 2600 oo.
413 2563 433 2602 6.
448 2564 468 2602 a.
483 2564 503 2602 8.
518 2563 547 2613 9.,
562 2554 667 2614 repletis
681 2559 763 2600 tamen
778 2567 795 2599 a
809 2566 846 2600 me
859 2553 913 2609 laio,
932 2566 1038 2615 quorum
1052 2551 1133 2600 dubia
1147 2555 1190 2601 uel

231 2625 303 2670 nulla
317 2624 391 2671 lectio
404 2622 471 2683 fuit;
494 2630 519 2670 et
540 2624 614 2671 initio
633 2623 734 2686 quidem
753 2637 822 2670 nunc
840 2620 890 2685 (ed.
905 2620 929 2684 a)
944 2623 1064 2683 pressius
1082 2623 1120 2670 ad
1142 2619 1192 2669 γ’*
1270 2650 1271 2689 p

231 2700 256 2741 et
270 2694 366 2740 rectius
384 2707 457 2755 quam
476 2700 559 2743 antec.
591 2693 628 2756 Of.
644 2694 667 2753 ἕ.
683 2704 716 2742 ol.
749 2690 908 2755 Sequebatur
924 2692 1057 2754 fortasse:
1076 2694 1115 2740 uti
1134 2693 1190 2754 [vel
1270 2716 1271 2743 fi

232 2758 271 2810 ‘ut
284 2759 341 2823 ea’]
355 2778 423 2811 nunc
436 2762 496 2810 sunt
511 2759 558 2830 [cf.
574 2763 606 2811 L.
621 2775 655 2813 17.
672 2764 695 2823 5.
710 2773 730 2812 a.
762 2762 793 2809 D.
809 2762 841 2810 dc
859 2776 924 2810 aera.
936 2777 979 2824 pr.
995 2762 1051 2810 urb.
1067 2761 1099 2826 (a,
1114 2760 1138 2826 2)
1153 2762 1189 2809 L.

230 2833 444 2882 neucesaria
460 2840 533 2896 empt.
553 2845 586 2890 18,
602 2829 636 2899 1],
650 2840 675 2881 et
690 2840 830 2895 praeterea
844 2834 892 2880 alia
912 2829 1001 2881 multu’
1022 2831 1067 2898 (cf.
1083 2845 1103 2890 a,
1126 2832 1190 2897 eoo).

229 2903 321 2967 Itaque
335 2904 395 2951 inde
409 2918 425 2951 a
440 2919 462 2950 o.
477 2915 502 2953 ιο
513 2905 559 2965 fin.
575 2919 653 2966 usque
667 2903 703 2950 ad
716 2919 737 2951 o.
753 2914 778 2953 15
788 2904 889 2950 initium
906 2902 986 2951 Gaius
1005 2904 1058 2967 cpit
1071 2903 1102 2950 de
1118 2904 1190 2950 iuri-

230 2973 275 3022 bus
284 2974 455 3036 praediorum
469 2975 636 3030 rusticorum,
656 2972 700 3021 ubi
713 2989 778 3037 quae
787 2980 896 3036 praeter
908 2974 1026 3037 stapulas
1041 2974 1144 3021 litteras
1160 2975 1192 3022 a‘n

234 3040 278 3092 W
296 3059 318 3092 o.
338 3054 363 3094 le
382 3044 445 3091 med.
464 3050 603 3105 supersunt
623 3046 653 3096 itt
671 3059 686 3091 u
706 3043 867 3108 (enimuero)
887 3044 923 3091 ins
942 3041 1038 3107 aq(uae)
1061 3044 1193 3091 ducendae

228 3113 382 3178 sequebatur
391 3114 521 3175 fortasse:
535 3110 621 3162 ‘etiam
630 3129 735 3163 numero
741 3113 911 3176 praediorum
921 3113 1077 3162 urbanorum
1086 3110 1195 3178 ser(ni)·

229 3192 306 3232 sutum
321 3198 374 3232 esse
389 3179 506 3251 poielrit’.
539 3184 585 3232 Res
599 3192 646 3234 etc.
738 3179 946 3247 ⁴)§§.14⁸b.eac
969 3178 1109 3245 Weffeci,
1124 3199 1195 3247 sup·
1270 3174 1271 3183 ¹

225 3257 304 3316 pletis
323 3269 387 3317 quae
406 3255 458 3318 lepi
471 3269 521 3303 aon
536 3262 689 3316 potuerunt,
711 3262 739 3302 ut
751 3269 842 3302 sensus
855 3261 880 3302 et
892 3255 1003 3316 spatium
1013 3252 1197 3318 flagitabant,-

229 3331 284 3371 sunt
297 3331 359 3385 post
377 3325 479 3386 mancipi
498 3332 610 3374 notatum
629 3339 683 3373 esse
701 3326 786 3386 posui.
828 3340 850 3372 o.
871 3337 904 3375 ιτ.
925 3336 957 3373 18.
980 3336 1013 3374 19.
1031 3322 1199 3386 sequebatur

227 3393 300 3455 fere:
325 3391 440 3456 ‘itemque
459 3396 522 3453 iter,
545 3403 619 3444 actus
638 3397 680 3442 uia
699 3391 880 3461 alquaeductus
902 3395 1069 3456 praediorum
1087 3395 1116 3441 in
1139 3394 1201 3445 boc

229 3464 299 3516 solu·
313 3477 371 3509 nam
384 3466 409 3510 sa'
422 3479 486 3525 quae
505 3467 573 3513 aliae
591 3472 651 3514 aunt
670 3479 774 3515 numero
795 3466 945 3513 servitutum
955 3463 1128 3526 praediorum
1144 3481 1200 3514 ru·
1270 3504 1271 3515 ,

228 3532 352 3580 eticorum
365 3538 390 3579 et
402 3528 516 3599 omlnes'.
1270 3530 1271 3589 l
