2609 3942
444 223 506 260 unu
524 225 625 265 anama.
643 207 690 261 IV.
709 214 817 266 oe-ta.
1048 209 1110 273 371

151 364 277 437 ponitur,
301 379 355 436 quo
378 364 439 421 loco
462 364 524 438 plus
547 357 678 438 petendl¹
700 365 848 438 periculum
869 380 924 420 uon
947 367 1109 435 interuenit3

151 448 247 519 utique
267 446 402 503 bonorum
423 455 545 521 emptore
565 456 677 522 agente,
702 450 748 521 qui
771 448 834 504 licet
854 448 978 504 decerta
999 452 1109 523 pecunia

151 540 228 605 agat,
244 531 339 587 incerti
354 540 444 587 tamen
460 531 710 589 condemnationem
725 533 852 605 concipit.

215 609 264 670 69.
289 613 354 681 Quia
369 622 458 671 tamen
472 616 598 688 superius
611 617 776 673 mentionem
791 615 932 671 habuimus
946 614 980 671 de
995 616 1110 688 actione,

153 715 206 771 qua
226 700 253 754 in
273 698 409 772 peculium
429 697 661 756 liliorumlamilias
676 716 873 773 seruorumque
893 692 1020 773 agitur!
1041 715 1110 772 opus

152 791 205 853 est,
226 788 257 838 ut
275 781 309 837 de
328 782 380 839 nac
395 784 501 840 actione
517 792 545 840 et
564 783 597 839 dc
612 786 720 856 ceteris,
742 800 811 857 quac
827 784 982 839 eurumdem
1002 784 1110 839 nomine

151 867 180 921 iu
199 874 326 940 parentes
347 866 507 923 domiuosue
526 866 583 923 dari
604 867 710 940 solent,
732 867 888 941 diligentius
909 866 1109 923 admoneamus.

151 944 201 1006 70.
218 950 247 1005 ln
263 952 355 1023 primis
371 953 461 1024 itaque
479 951 502 1006 si
518 953 594 1006 iussu
607 953 691 1024 patris
704 951 839 1008 dominiue
852 952 991 1025 negotium
1003 957 1110 1024 gestum

152 1035 214 1105 erit,
233 1035 262 1089 iu
276 1034 393 1089 solidum
413 1042 524 1108 praetor
538 1036 672 1092 actionem
688 1037 716 1090 iu
737 1044 841 1110 patrem
856 1034 1030 1091 domiuumue
1044 1049 1109 1090 con·

152 1119 270 1190 parauit:
293 1125 321 1173 et
342 1126 433 1188 recte,
457 1120 516 1191 quia
538 1120 583 1191 qui
603 1120 640 1175 ita
655 1122 795 1194 negotium
815 1122 897 1193 gerit,
919 1120 1004 1193 magis
1025 1120 1109 1191 patris

152 1201 287 1256 domiaiue
309 1219 388 1275 quam
409 1200 457 1258 filii
477 1204 585 1258 seruluc
605 1201 685 1259 fldem
706 1206 842 1277 sequitur.
885 1199 927 1262 71.
948 1201 1046 1258 Eadem
1068 1218 1108 1256 ra·

154 1285 226 1339 tione
242 1278 246 1363 1
263 1288 430 1358 comparauit
444 1286 511 1342 duas
526 1286 589 1341 alias
605 1288 736 1356 actiones,
759 1286 944 1340 exercitoriam
959 1293 987 1339 et
1001 1285 1108 1339 instita·
1118 1295 1176 1342 214.

151 1369 233 1423 riam:
257 1376 321 1422 tunc
335 1377 424 1424 autem
440 1369 599 1424 exercitoria
619 1368 709 1425 locum
729 1368 825 1436 habet,
848 1383 909 1423 cum
929 1375 1007 1439 pater
1025 1366 1109 1422 durni·

152 1466 239 1505 nusue
255 1447 338 1504 lilium
354 1467 499 1506 seruumue
514 1451 672 1523 magistrum
684 1452 747 1506 naui
761 1451 960 1524 praeposuerit,
975 1458 1003 1506 et
1013 1442 1110 1522 ’quodi

79 1543 137 1599 {aaa}
154 1549 216 1589 cum
231 1548 263 1587 eo
279 1533 336 1587 eius
351 1535 391 1588 rei
406 1535 503 1606 gratia,
519 1534 562 1589 eui
575 1536 748 1607 praepositus
762 1534 824 1603 luit,
845 1534 986 1608 negotium
1002 1542 1108 1608 gestum

152 1618 218 1684 erit;
241 1632 302 1672 cum
323 1617 394 1672 enim
415 1632 445 1672 ea
468 1632 577 1689 quoque
592 1633 636 1672 res
657 1633 689 1672 en
710 1617 850 1673 uoluntate
870 1619 953 1691 patris
973 1617 1109 1674 dominiue

151 1700 274 1756 contrahi
290 1700 423 1772 uideatur,
438 1700 626 1773 aequissimum
642 1717 703 1757 esse
719 1703 806 1757 uisum
821 1709 872 1765 est,
891 1701 1050 1756 insolidum
1066 1693 1108 1778 (in

151 1775 250 1862 eam)⁴
270 1784 405 1839 actionem
425 1783 496 1839 dari:
516 1784 692 1854 quinetiam,
713 1784 777 1840 licet
792 1792 946 1839 extraneum
962 1778 1110 1856 ’quisque⁶

151 1868 311 1940 magistrum
326 1869 388 1921 naui
403 1867 601 1941 praeposuerit,
616 1868 675 1922 siue
689 1883 797 1923 seruum
808 1868 866 1922 siue
880 1866 1004 1938 liberum,
1019 1874 1109 1923 tamen

151 1967 184 2007 ea
204 1951 344 2023 praetoria
364 1952 434 2007 actio
454 1952 480 2006 iu
501 1967 562 2006 eum
583 1950 719 2006 redditur:
746 1950 807 2007 ideo
834 1958 922 2006 autem
949 1951 1109 2008 exercitoria

151 2034 221 2090 actio
237 2033 399 2107 appellatur,
415 2036 476 2108 quia
493 2036 628 2091 exercitor
641 2044 758 2092 uocatur
772 2036 810 2106 is,
831 2036 867 2091 ad
885 2051 963 2108 quem
985 2035 1107 2090 cottidia-

151 2135 203 2174 nus
224 2119 302 2174 nauis
327 2129 456 2192 quaestus
482 2121 614 2193 peruenit.
660 2120 793 2175 institoria
818 2135 884 2176 uero
911 2118 1025 2174 formula
1052 2126 1108 2174 lum

151 2201 242 2258 locum
256 2200 346 2273 hahet,
362 2219 423 2259 cum
439 2204 499 2277 quis
510 2201 637 2259 tabernae
648 2213 695 2259 aut
707 2203 817 2260 cuilibet
830 2204 1010 2276 negotiationi
1025 2199 1108 2258 filium

151 2301 298 2342 seruumue
313 2294 359 2342 aut
374 2287 521 2359 quemlibet
536 2293 702 2357 extraneum,
720 2289 777 2344 siue
793 2302 903 2344 sernum
915 2289 973 2344 siue
984 2285 1109 2359 liberum,

151 2370 349 2445 praeposuerit,
371 2378 399 2425 et
418 2369 483 2443 quid
499 2384 559 2425 cum
575 2386 607 2425 eo
626 2373 684 2426 eius
699 2373 736 2427 rei
759 2373 858 2443 gratia,
882 2374 925 2428 cui
939 2373 1109 2446 praepositus

152 2460 206 2523 cst,
223 2462 391 2510 contractum
406 2453 503 2509 fuerit:
526 2451 587 2508 ideo
603 2462 693 2508 autern
712 2455 846 2510 institoria
861 2456 1026 2528 appellatur,
1048 2457 1109 2529 quia

153 2538 199 2609 qui
221 2536 348 2593 tabernae
368 2538 559 2611 praeponitur,
586 2537 698 2591 institor
724 2536 887 2610 appellatur:
911 2555 980 2611 quae
1003 2548 1030 2595 et
1052 2541 1110 2612 ipsa

151 2620 267 2676 formula
282 2622 310 2676 in
325 2620 442 2677 solidum
457 2629 507 2676 est.
539 2614 584 2675 72.
599 2619 742 2675 Praeterea
757 2620 899 2675 tributaria
914 2638 1024 2695 quoque
1039 2623 1110 2678 actio

152 2705 180 2764 iu
195 2712 298 2777 patrem
318 2704 491 2760 dominumue
506 2704 654 2759 constituta
670 2710 721 2771 est,
743 2718 803 2757 cum
821 2701 893 2757 lilius
909 2700 1062 2760 seruusue⁶
1081 2708 1110 2760 in

225 2815 246 2884 1)
257 2819 376 2869 Gorreni.
391 2819 482 2882 patenti
492 2818 518 2868 0.
531 2819 589 2867 edd.
600 2833 693 2868 revera
703 2819 769 2866 enim
779 2819 806 2866 in
817 2818 1026 2868 condemnatione
1036 2826 1111 2869 actor

152 2905 204 2939 noa
219 2891 300 2952 petit;
321 2891 461 2939 sedetiam
478 2888 581 2938 uerbum
599 2888 783 2952 perfamiliare
802 2890 828 2938 ei
847 2885 1034 2938 ‘intervenire'
1054 2905 1109 2938 cam

152 2960 241 3009 dativo
251 2974 381 3023 personae
399 2959 480 3009 Gaius
494 2959 540 3008 via
551 2974 662 3023 unquam
671 2959 779 3008 disserit.
844 2953 864 3023 ¹)
878 2958 1017 3011 EaeInrtit.
1029 2965 1111 3021 agatur

154 3029 180 3079 0.
196 3029 254 3079 edd.
318 3026 340 3095 ³)
354 3030 411 3094 quid
423 3030 448 3079 0.
463 3029 527 3079 Inar.
542 3037 567 3079 et
580 3030 705 3094 quaedam
718 3030 776 3079 edd.
791 3031 867 3079 etiam
876 3031 916 3079 ed.
927 3029 976 3079 Kr.
986 3042 1007 3080 a.
1018 3037 1110 3093 postea

155 3095 310 3234 [negotiump.
375 3095 398 3165 ⁴)
411 3098 542 3163 Suppleoi.
567 3101 668 3150 eacidit
681 3107 742 3164 poet
759 3101 882 3150 sol-idum.
948 3097 969 3166 ⁶)
983 3101 1036 3165 quis
1051 3115 1110 3164 quas

158 3165 211 3222 W.
312 3169 358 3219 Ea
376 3166 423 3218 W
434 3177 552 3234 apparet,
566 3185 745 3220 amanuensem
758 3171 836 3221 cerba
850 3172 978 3220 constituta
992 3211 998 3224 .
1014 3208 1020 3220 .
1036 3207 1041 3220 .
1058 3185 1110 3220 ser-

153 3254 229 3289 uosne
243 3242 308 3290 male
322 3242 463 3303 repetiisse.
486 3240 572 3290 Etiam
586 3243 640 3291 alia
654 3256 705 3291 non
715 3257 804 3305 pauca
818 3249 910 3305 aperta
923 3242 1014 3291 menda
1028 3244 1055 3291 in
1070 3242 1111 3291 hio

152 3312 193 3372 §5-
208 3325 243 3359 erc
258 3310 320 3359 Inst.
335 3311 431 3360 dadam
445 3318 564 3362 correcta
577 3318 644 3364 eant.

225 3411 250 3483 ξ.
267 3417 309 3465 69.
325 3437 358 3457 =
368 3431 412 3478 pr.
426 3414 447 3464 Ι.
463 3416 532 3480 quod
545 3432 565 3467 c.
580 3432 610 3467 eo
624 3433 646 3480 q.
661 3419 688 3465 a'n
702 3419 789 3467 aliena
799 3433 826 3481 p.
843 3416 873 3481 (a,
888 3415 919 3484 a).
939 3416 1060 3485 superius]
1075 3420 1111 3482 cf.

154 3493 206 3536 nor.
221 3498 233 3536 1
248 3486 284 3535 aa
296 3486 319 3547 §-
334 3497 368 3537 ω.
379 3501 408 3548 p.
423 3498 471 3538 ms.
526 3481 551 3554 ἓ.
568 3488 609 3537 ro.
625 3509 660 3529 =
673 3490 696 3549 a.
712 3501 731 3539 1.
745 3486 817 3537 aaa.
867 3484 893 3556 g.
909 3490 951 3540 ar.
968 3490 1007 3553 cf.
1018 3492 1040 3553 s.
1052 3489 1110 3541 sa

153 3555 350 3618 tancane.
405 3552 843 3624 §.72.=§.a.1.ib.0f.§.ae

854 3634 909 3687 24*
