2609 3942
563 211 649 248 suus·
1024 193 1087 257 159

134 335 206 388 haec
223 333 383 387 rudimenta
400 348 434 386 eo
452 332 568 386 consilio
586 333 749 400 scripsisse,¹
767 334 800 387 ut
816 334 857 386 <in
869 334 1035 388 stationibus
1046 335 1089 387 ius

156 402 249 455 ubiica
272 400 443 454 docentium'
467 398 550 466 (Geli.
575 406 618 464 13,
644 404 686 463 13)
710 401 745 452 ab
767 400 801 453 iis
823 402 928 468 potius,
952 419 1036 470 quam
1057 405 1090 455 ut

135 420 270 522 antenus
291 468 465 532 factitatum,
493 468 527 519 ab
551 465 637 519 edicti
662 466 754 534 prima
774 469 944 535 parteiuris
967 469 1089 522 studium

136 533 1088 669 restituimusmittirritarinttramitti

155 669 268 723 licando
286 672 351 722 ante
370 642 561 722 listisutiones
583 667 630 721 vei
648 668 804 721 Pandectas
825 684 891 721 acce
912 669 956 721 tas
977 668 1089 722 initium

135 686 230 790 dacore
243 737 336 790 vellet.
368 737 456 802 Atqui
473 735 648 812 iamdudum
661 751 695 788 ex
707 752 817 812 rerum,
826 736 857 788 ni
868 686 959 803 fallor,
977 739 1041 789 actu
1055 738 1089 788 ab

136 805 264 873 Augusto
281 804 311 856 in
322 820 431 858 menses
443 805 564 857 aestivos
577 804 605 855 et
616 803 748 857 hibernos
761 803 850 857 diviso
863 803 950 865 iSuct.
963 803 1035 871 Aug.
1049 810 1089 856 32.

137 871 234 925 Claud,
256 875 320 938 tt),
345 873 394 939 qui
421 871 507 925 etiam
533 869 649 924 consilia
671 870 872 939 imperatorum
895 870 995 935 (Dione
1018 871 1090 923 teste

136 944 177 1003 53,
197 944 236 992 21.
256 944 296 1003 56,
314 943 355 992 28.
374 944 416 1002 60,
434 940 461 1004 4)
480 938 509 991 et
525 937 698 991 rescribendi
715 954 784 1006 opus
801 938 946 992 semestria
962 938 1043 1003 fecit,
1062 938 1092 990 et

137 1022 172 1059 ex
188 1005 325 1059 Labeonis
342 1005 409 1058 noto
433 1005 560 1072 exemplo
582 1004 622 1069 (L.
642 1012 667 1062 2,
684 1013 708 1069 §-
727 1012 768 1062 47,
786 1005 817 1057 D.
839 1007 874 1059 ds
892 1022 931 1059 or.
949 1006 1001 1058 iur.
1021 1012 1044 1071 1,
1063 1007 1090 1071 2)

135 1073 165 1125 in
182 1090 263 1126 usum
281 1077 406 1137 venerat,
424 1074 457 1125 ut
474 1073 541 1125 iuris
573 1088 667 1147 noque
679 1072 803 1126 studium
814 1088 866 1141 per
878 1088 985 1126 annuos
997 1089 1091 1125 cursus

136 1139 209 1194 binis
227 1156 339 1208 quoque
357 1155 430 1193 anno
449 1139 542 1207 pensis
554 1089 706 1192 distinctos
718 1140 917 1195 absolveretur,
948 1140 987 1193 Ut
1003 1140 1091 1259 iqitur

137 1223 155 1259 a
171 1207 282 1261 traditis
299 1223 384 1275 quam
401 1208 515 1260 minime
534 1206 708 1272 deflecteret,
727 1223 790 1259 cum
803 1206 1011 1260 Institutionum
1038 1207 1091 1259 ibn

136 1274 247 1343 integro
261 1290 338 1327 anno
355 1290 412 1327 non
430 1274 603 1340 sufficerent,
627 1273 844 1340 prudentissime
862 1273 948 1326 Gaius
969 1274 1092 1326 instituit

83 1351 127 1400 [ot]
137 1342 322 1410 exemploque
345 1357 409 1407 suo,
427 1349 459 1393 ut
477 1341 589 1410 opinor,
612 1341 673 1394 aliis
696 1356 807 1409 quoque
824 1341 976 1409 persuasit,
1000 1342 1032 1393 ut
1048 1339 1091 1404 iis,

156 1424 208 1462 uae
226 1411 294 1463 tuno
312 1410 393 1462 erant
410 1408 567 1461 studiorum
584 1409 683 1475 spatia,
701 1424 790 1461 novus
808 1424 897 1462 annus
915 1408 994 1475 quasi
1032 1422 1091 1460 rae·

136 1425 276 1540 decretur,
295 1475 375 1542 isque
392 1477 497 1543 partim
509 1475 735 1528 institutionibus
753 1476 856 1543 partim
868 1477 1000 1543 quattuor
1011 1424 1091 1527 {ibris

136 1542 326 1611 singularibus
345 1545 535 1610 occuparetur.
571 1541 627 1595 Sed
645 1543 698 1595 etsi
714 1543 835 1610 placeat,
852 1544 927 1610 quod
944 1542 1039 1595 multis
1057 1557 1092 1596 ex

136 1610 226 1664 causis
244 1608 394 1661 verisimile
412 1611 467 1672 est,
490 1609 548 1662 iam
569 1609 637 1661 tunc
660 1610 726 1662 ante
749 1609 872 1663 edictum
893 1609 1032 1678 praetoris
1043 1610 1092 1661 ius

137 1675 220 1729 civile
240 1689 274 1725 ex
292 1672 371 1725 libris
388 1674 503 1726 Masurii
520 1675 617 1726 Sabini
635 1676 763 1728 semestri
781 1693 860 1728 cursu
871 1676 1008 1729 traditum
1022 1691 1090 1737 esse,

136 1742 180 1795 ita
201 1754 313 1807 quoque
337 1738 424 1791 Gaius
449 1739 492 1791 his
513 1739 656 1792 incondito
681 1742 792 1806 scriptis
818 1742 895 1793 libris
920 1758 984 1793 suas
1009 1741 1093 1795 vicini

138 1806 299 1878 argumenti
321 1804 514 1858 Institutiones
541 1807 570 1859 et
586 1805 672 1858 libros
697 1806 878 1874 singulares,²
904 1806 1005 1859 dehine
1027 1809 1093 1859 anni

137 1892 216 1943 opus,
236 1872 432 1941 subrogando³
444 1872 550 1941 optime
563 1871 598 1925 de
611 1872 710 1925 studiis
726 1873 795 1926 iuris
813 1872 903 1926 civilis
914 1873 1030 1926 meritus
1042 1876 1092 1936 est,

212 2050 231 2117 ¹)
246 2052 294 2101 Nee
308 2052 417 2114 improbo
431 2052 476 2100 hoo
491 2051 523 2100 ita
538 2057 671 2115 acceptum,
686 2057 712 2099 nt
726 2057 851 2114 antequam
865 2050 1027 2099 Institutiones
1037 2064 1093 2099 suas

138 2122 163 2171 in
176 2123 295 2186 pubiicum
310 2123 400 2183 ederet,
415 2137 442 2170 ea
457 2123 509 2186 ipsa
523 2122 580 2183 iere,
595 2136 655 2185 quae
666 2122 803 2184 scripserat,
818 2122 868 2171 riva
877 2136 935 2170 voce
946 2120 1093 2182 auditoribus

139 2193 254 2254 traderet,
274 2207 343 2256 quam
363 2194 505 2241 sententiam
524 2193 631 2257 pluribus
650 2199 777 2241 exsecutus
796 2199 832 2241 est
846 2192 874 2241 ii.
889 2192 1012 2254 Deruburg
1032 2192 1092 2240 libro

141 2261 191 2312 ‘die
206 2264 371 2312 institutiones
386 2263 428 2311 des
443 2263 515 2312 Gaius
531 2264 568 2312 ein
586 2260 764 2324 Collegienireit'
781 2274 840 2314 1869.
860 2278 883 2326 p.
899 2274 925 2314 aa
939 2278 999 2326 seq„
1021 2264 1091 2312 modo

139 2348 169 2382 ne
185 2347 212 2380 ex
227 2333 449 2383 commentariorum
464 2334 567 2394 nomine,
582 2349 628 2396 quo
640 2333 712 2382 Gaius
726 2334 770 2381 hos
781 2340 806 2381 nt
815 2334 874 2382 aiios
885 2334 958 2383 libros
970 2334 1040 2382 etiam
1050 2349 1090 2383 ore

139 2417 257 2465 nunquam
266 2403 373 2465 traditos,
382 2405 488 2453 modeste
498 2405 633 2468 appellarit,
644 2411 806 2466 argumentum
817 2405 868 2453 eius
877 2405 1009 2453 sententiae
1019 2405 1092 2454 ducas

139 2488 215 2538 neque
229 2474 273 2523 hac
288 2474 340 2537 ipsa
353 2474 437 2535 torma,
452 2489 522 2539 quam
537 2483 653 2536 tenemus,
675 2489 702 2522 er
717 2475 850 2523 auditorum
865 2475 960 2524 schedis
976 2476 999 2523 in
1013 2475 1092 2538 puhli-

139 2559 193 2594 cum
207 2560 248 2593 eos
263 2545 382 2607 prodiisse
396 2546 508 2608 opineris.
533 2545 669 2609 Quanquam
684 2546 754 2594 etiam
770 2545 814 2594 aiia
829 2546 941 2609 pleraque
956 2560 984 2594 eo
996 2546 1020 2594 in
1030 2546 1091 2594 libro

139 2623 243 2664 ceterum
257 2615 432 2677 elegantissime
454 2616 543 2678 scripto
558 2617 650 2678 insunt,
665 2629 726 2678 quae
740 2630 785 2664 non
800 2616 882 2678 probo.
935 2612 955 2681 ²)
970 2616 1092 2677 in'vnigus

138 2693 219 2734 notum
234 2692 279 2747 est,
294 2687 317 2733 in
333 2685 399 2734 libris
414 2686 443 2734 ad
458 2686 571 2735 Sabinum
581 2686 692 2734 materias
707 2686 736 2735 de
746 2687 903 2748 testamentis,
919 2686 948 2734 de
958 2686 1040 2747 legatis
1051 2687 1090 2749 (de

139 2771 217 2805 rerum
233 2756 427 2819 acquisitionibus
443 2757 509 2805 etde
524 2753 709 2821 contractibus),
729 2757 758 2805 de
777 2757 831 2805 dote
851 2763 874 2804 et
888 2756 917 2805 de
932 2757 1011 2805 tutelis
1025 2758 1091 2819 prin·

139 2827 215 2889 cipem
229 2828 308 2875 iocum
322 2826 460 2874 obtinuisse.
489 2826 538 2875 iam
556 2840 610 2875 cum
626 2841 666 2888 ea,
686 2842 745 2890 quae
760 2828 785 2875 in
800 2827 888 2876 scholis
903 2827 1023 2888 leguntur,
1037 2840 1091 2876 raro

139 2898 229 2946 absolvi
243 2897 343 2957 soleant,
358 2896 429 2944 etiam
442 2897 485 2945 has
500 2897 610 2946 materias
625 2899 696 2959 solas,
711 2898 822 2961 quamdiu
837 2911 864 2945 es
875 2897 963 2945 Sabino
977 2898 1013 2945 ius
1024 2898 1091 2944 civile

138 2967 284 3028 traderetur,
303 2973 415 3015 tractatas
434 2981 487 3016 esse
507 2982 606 3030 pronum
620 2968 650 3017 ad
665 2969 845 3017 existimandum
860 2974 904 3016 est.
933 2967 1035 3024 Quodsi
1049 2980 1091 3028 po·

138 3039 224 3099 nimus,
239 3052 299 3087 nora
314 3038 415 3086 docendi
429 3038 489 3086 ratio
505 3053 517 3086 a
533 3037 591 3088 Gaio
606 3039 714 3088 institute
728 3053 797 3102 quam
816 3039 912 3086 minime
927 3052 940 3086 a
955 3043 1035 3084 vetere
1050 3037 1092 3083 de-

138 3109 209 3170 iiexit,
225 3109 346 3171 magisque
361 3109 384 3157 ei
398 3108 488 3157 addidit
502 3116 600 3171 tantum,
614 3109 777 3158 institutiones
792 3123 848 3157 suas
863 3108 930 3171 quasi
944 3105 1091 3171 προοίμιον

139 3178 225 3227 Sabino
240 3179 313 3243 (nune
328 3178 370 3226 iiii
385 3178 450 3227 libris
461 3177 627 3241 singularibus)
637 3180 779 3242 praefigens,
790 3193 859 3242 quam
870 3177 978 3226 detraxit.
1017 3173 1038 3241 ³)
1048 3177 1091 3225 Ve-

138 3249 234 3310 stigium
248 3251 299 3298 eius
313 3250 350 3297 rei
368 3249 391 3297 in
407 3263 435 3298 eo
450 3264 594 3310 cognoscere
608 3250 668 3298 mihi
678 3250 767 3310 videor,
782 3249 845 3312 quod
855 3255 947 3311 postea,
962 3246 1090 3296 iustiniano

136 3319 252 3369 inconst.
280 3319 379 3369 Omnem
393 3320 452 3382 reip.
468 3321 490 3381 ξ.
507 3332 526 3370 1.
542 3326 616 3381 teste,
632 3320 685 3368 Gali
696 3320 856 3368 institutiones
876 3325 900 3366 et
914 3326 1023 3380 quattuor
1036 3319 1090 3368 iibri

137 3389 269 3451 singulares
286 3387 548 3451 ‘connumerabuntur',
569 3390 592 3439 id
608 3397 644 3438 est
658 3404 701 3451 pro
717 3405 761 3438 uuo
777 3389 837 3438 libro
852 3404 871 3436 s.
887 3389 1004 3438 volumine
1018 3390 1092 3439 habe·

137 3459 223 3509 bantur
241 3459 321 3525 (sicuti
341 3460 421 3509 Sabini
440 3476 500 3524 opus
519 3458 605 3525 iuerat)
625 3460 718 3508 scilicet
737 3474 764 3508 en
783 3474 823 3508 sen
843 3460 902 3522 iliis,
922 3475 980 3524 quos
1000 3467 1049 3510 tum
1064 3474 1091 3509 ex

136 3531 247 3579 universa
266 3531 463 3594 iurisprudentia‚
485 3528 560 3594 ‘quac
579 3531 602 3578 in
622 3530 737 3578 librorum
756 3530 802 3580 duo
817 3531 881 3580 milia
896 3527 1091 3590 extendebatur',
