2609 3942
402 228 574 269 ns111usu1r.
593 200 628 266 ll.
647 219 790 269 182-186.
1018 218 1081 284 263

121 368 292 425 stitutionem
306 369 393 443 palam
408 370 514 441 iacere,
536 371 563 426 id
584 378 627 427 est
642 387 675 427 eo
691 370 768 442 ioco,
789 373 990 447 quo'pupillum
1005 376 1083 432 here·

122 451 182 506 dem
195 453 377 527 instituimus3
394 450 483 535 (nam)
499 454 622 528 uulgaris
636 454 796 510 substitutio
812 458 847 510 ita
863 466 943 513 uocat
959 459 990 513 ad
1005 458 1082 515 here·
1160 455 1172 472 '

123 535 231 591 ditatem
246 535 442 610 substitutum,
468 540 492 594 si
508 540 616 593 omnino
631 538 751 611 pupillus
774 538 854 594 heres
868 556 924 595 non
946 543 1082 611 extiterit3

124 617 198 692 quod
217 620 329 690 accidit,
352 637 413 677 cum
436 623 501 678 uiuo
523 631 636 695 parente
659 622 787 693 moritur,
818 638 872 695 qno
895 639 961 684 casn
980 624 1083 679 nullum

121 701 262 759 substituti
285 703 443 761 maleficium
466 706 597 779 suspicari
617 721 781 778 possumus,
810 721 870 760 cum
893 705 996 762 seilicet
1019 707 1083 762 uiuo

122 793 252 843 testatore
268 790 371 859 omnia,
393 805 462 863 qnae
479 791 507 844 in
527 796 692 844 testamento
707 789 810 860 scripta
825 790 890 860 sint,
906 791 1082 862 ignorentur:

121 869 195 926 iliam
210 879 295 927 autem
311 871 551 943 substitutionem,
572 888 621 944 per
637 888 732 945 quam,
748 874 852 928 etiamsi
867 873 947 930 heres
962 875 1084 930 extiterit

121 953 252 1027 pupillus,
266 963 309 1011 set
320 957 392 1012 intra
402 954 574 1029 pubertatem
586 955 742 1023 decesserit,
752 955 931 1012 substitutum
944 973 1081 1027 uocamus,
1163 960 1171 964 ”

121 1038 265 1110 separatim
293 1039 322 1094 in
349 1038 523 1095 inferioribus
551 1037 648 1095 tabulis
672 1038 827 1112 scribimus,
857 1057 955 1114 easque
980 1041 1082 1096 tabulas

121 1123 234 1195 proprio
260 1121 313 1178 lino
342 1125 506 1197 propriaque
528 1139 589 1179 cera
612 1126 819 1197 consignamus,
846 1133 873 1179 et
895 1126 923 1179 in
945 1124 1082 1198 priorabus

121 1204 222 1260 tabuiis
237 1221 378 1278 meremus,
401 1223 435 1263 ne
457 1207 600 1264 interiores
617 1206 723 1262 tabulae
739 1209 803 1263 uiuo
825 1205 882 1262 filio
898 1215 925 1262 et
940 1208 1027 1264 adhue
1042 1209 1082 1263 in·

120 1288 224 1362 pubere
239 1292 401 1362 aperiantur.
432 1299 474 1346 set
488 1291 571 1364 longe
587 1291 672 1346 tutius
688 1299 740 1360 est,
757 1299 901 1363 utrumque
917 1306 1005 1363 genus
1021 1289 1083 1345 sub·

120 1373 273 1428 stitutionis
294 1367 458 1447 ’separatim¹
474 1375 501 1429 in
516 1373 691 1429 interioribus
707 1372 804 1428 tabulis
819 1374 984 1446 consignari,
1000 1373 1083 1446 quod,

121 1458 146 1511 si
156 1459 194 1511 ita
209 1454 392 1529 ‘consignatae
404 1450 466 1512 uel¹
480 1465 618 1529 separatae
629 1455 731 1511 luerint
742 1455 963 1526 substitutiones,
975 1463 1007 1512 nt
1017 1455 1083 1511 diri-

121 1555 195 1608 mus,
217 1554 256 1594 ex
277 1539 368 1611 priore
388 1547 481 1610 potest
496 1540 619 1612 intellegi
639 1542 667 1594 in
682 1532 797 1595 'altera²
813 1557 923 1614 quoque
938 1540 1007 1595 idem
1024 1555 1083 1596 esse

124 1620 300 1676 substitutus.
319 1620 326 1688 Ι
343 1617 408 1680 188.
425 1621 484 1676 Non
505 1622 593 1676 solum
614 1630 704 1677 autem
725 1622 869 1678 heredibus
891 1625 1023 1678 institutis
1043 1625 1083 1677 in·
1098 1619 1155 1673 101.

50 1715 114 1771 post
124 1701 272 1776 puberibus
295 1702 385 1759 liberis
408 1704 445 1758 lta
461 1702 627 1758 substituere
643 1720 805 1775 possumus,
827 1713 857 1759 ut
873 1707 894 1759 si
910 1714 971 1759 ante
986 1704 1083 1777 puber-

123 1795 208 1843 tatem
224 1787 324 1842 mortui
339 1785 452 1859 luerint,
473 1788 509 1841 sit
523 1787 546 1840 is
562 1786 650 1854 heres,
672 1801 751 1857 quem
768 1802 817 1841 nos
833 1787 1016 1854 uoluerimus,
1038 1786 1085 1841 sed

122 1872 203 1927 etiam
220 1870 404 1926 exheredatis:
421 1871 519 1944 litaque
535 1886 568 1924 eo
583 1883 647 1923 casu
662 1870 685 1924 si
702 1869 765 1941 quid
787 1869 890 1941 pupilio
906 1885 937 1923 ex
952 1868 1085 1924 heredita·

121 1954 196 2012 tibus
224 1953 358 2026 legatisue
386 1962 437 2029 ant,
459 1950 650 2009 donationibus
678 1954 894 2025 propinquorum
923 1951 1085 2023 adquisitum

122 2038 220 2108 luerit,
242 2036 269 2092 id
290 2053 369 2093 omne
389 2040 425 2094 ad
443 2036 620 2093 substitutum
641 2037 768 2109 pertinet.
805 2032 871 2092 183.
892 2035 1086 2106 Quaecumque

122 2121 238 2178 diximus
259 2120 293 2176 de
312 2121 507 2178 substitutione
528 2117 689 2194 inpuberum
706 2118 871 2191 liberorum,
894 2118 937 2175 uel
955 2117 1086 2173 heredum

122 2206 311 2261 institutorum
334 2204 378 2260 uel
401 2204 642 2275 exheredatorum,
672 2203 765 2258 eadem
787 2205 866 2259 etiam
896 2203 928 2259 de
952 2203 1085 2275 postumis

121 2288 324 2359 intellegemus.
368 2285 434 2345 184.
451 2287 584 2343 Extraneo
608 2303 675 2343 uero
698 2287 790 2343 heredi
813 2288 939 2343 instituto
962 2288 999 2341 ita
1023 2284 1085 2340 sub·

122 2372 238 2427 stituere
258 2386 313 2425 non
332 2388 494 2444 possumus,
518 2381 548 2427 ut
568 2372 591 2426 si
610 2371 689 2426 heres
705 2373 826 2426 extiterit
841 2381 869 2427 et
890 2373 960 2426 intra
976 2369 1084 2441 aliquod

123 2464 233 2527 tempus
248 2453 405 2525 decesserit,
421 2455 488 2511 alius
500 2457 524 2510 ei
536 2455 615 2510 heres
631 2455 683 2522 sit;
700 2454 747 2509 sed
763 2453 815 2510 hoc
826 2455 913 2510 solum
929 2455 1007 2510 nobis
1023 2470 1084 2526 per·

122 2540 237 2596 missum
254 2546 310 2609 est,
331 2547 362 2593 ut
377 2554 438 2594 eum
459 2556 508 2612 per
523 2537 758 2593 fideicommissum
775 2536 939 2610 obligemus,
963 2545 994 2592 ut
1009 2537 1085 2592 here·

123 2622 237 2679 ditatem
252 2630 372 2679 nostram
387 2621 432 2678 uel
447 2630 531 2678 totam
547 2620 591 2676 uel
604 2616 685 2693 (pro)
702 2627 778 2692 parte
792 2622 933 2688 restituat3
956 2620 1028 2692 quod
1043 2621 1085 2675 ius

125 2707 204 2781 quale
219 2707 268 2776 sit,
286 2722 336 2761 suo
352 2705 413 2761 loco
429 2705 577 2760 trademus.

188 2786 250 2846 185.
266 2788 343 2845 Sicut
357 2797 446 2843 autem
467 2787 544 2843 liberi
564 2785 703 2856 homines,
724 2785 760 2839 ita
776 2791 804 2839 et
819 2785 909 2854 serui,
930 2791 984 2840 tam
999 2785 1086 2839 nostri

125 2889 205 2947 quam
222 2873 315 2943 alieni,
331 2870 445 2927 heredes
461 2869 541 2927 scribi
557 2876 682 2942 possunt.
725 2862 791 2924 186.
813 2865 865 2924 Sed
880 2875 975 2922 noster
989 2882 1086 2921 seruus

125 2957 205 3012 simul
226 2965 255 3012 et
274 2954 342 3011 liber
364 2962 392 3011 et
413 2954 493 3011 heres
508 2969 568 3009 esse
583 2950 670 3008 iuberi
691 2951 787 3023 debet,
811 2951 894 3007 idest
916 2950 969 3005 hoc
990 2948 1085 3003 modo:

200 3085 220 3155 1)
235 3089 309 3139 Haec
324 3104 379 3138 cum
394 3086 548 3137 Mommseno
562 3087 666 3136 delendi
680 3086 760 3151 (qnod
770 3086 839 3148 facit
852 3084 902 3133 Kr.
914 3082 954 3133 ed.
968 3080 992 3147 ι)
1007 3094 1087 3129 eausa

125 3162 199 3210 nulla
213 3167 258 3210 est.
324 3154 344 3223 ²)
359 3158 432 3207 altera
447 3158 507 3207 aiter
523 3157 548 3206 0.
563 3157 603 3206 ed.
617 3156 665 3222 Bp.

198 3262 224 3335 §.
240 3267 299 3316 ιιι.
314 3265 421 3327 -ιι,
441 3263 517 3313 Lata.
532 3265 576 3314 eir.
597 3262 635 3325 Of.
655 3262 710 3325 Utp.
726 3272 759 3322 ss,
774 3273 794 3312 a.
863 3257 1086 3327 §.183.=§.4.

127 3338 209 3387 Leia.
230 3336 268 3399 Os.
285 3335 552 3396 Oie.deorat.1,as.
571 3335 650 3395 §.180
672 3331 993 3394 a‚safin.deino.s,sr.
1013 3329 1085 3388 §.as

126 3424 149 3458 c.
164 3419 199 3459 ts.
218 3409 242 3469 5.
257 3417 303 3457 ιιι.
364 3401 389 3473 ξ.
406 3406 464 3456 184.
480 3426 514 3446 =
528 3405 551 3465 5.
565 3415 587 3454 ι.
606 3403 628 3452 Ι.
643 3404 681 3452 tit.
698 3405 740 3452 cit.
757 3401 792 3466 (s,
807 3400 851 3465 ιι).
876 3414 919 3448 suo
933 3394 998 3464 loco]
1013 3398 1036 3458 5.
1047 3408 1086 3449 ιιι

126 3486 217 3542 etseq.
285 3472 328 3545 §ss
345 3477 404 3526 188.
420 3476 479 3525 188.
496 3474 534 3536 Cf.
548 3489 590 3536 pr.
604 3472 627 3523 Ι.
642 3474 674 3522 de
688 3472 742 3521 lter.
758 3473 816 3520 inst.
833 3470 864 3537 (s,
879 3467 923 3535 ιι).
947 3468 1001 3531 Uip.
1017 3478 1051 3531 ιι,
1065 3480 1085 3518 ι.

128 3549 205 3598 Paul.
220 3559 241 3610 ι,
255 3558 269 3597 s
282 3546 313 3595 B.
328 3547 351 3608 §-
367 3558 386 3598 ι.
401 3560 482 3608 sopra
496 3545 519 3606 5.
535 3554 581 3595 ιιι.
601 3555 622 3605 t,
636 3555 670 3593 m.
