2609 3942
475 205 536 242 uara
555 206 660 246 rssrrr.
677 188 725 243 III.
743 194 852 248 42-43.
1078 191 1143 258 295

184 353 328 419 patronum
344 345 478 401 naturales
493 344 581 418 liberi,
597 362 652 401 nou
668 346 756 402 solum
773 363 841 419 quos
853 348 880 402 in
895 354 1030 419 potestate
1045 351 1139 406 mortis

186 439 305 502 tempore
321 429 410 502 habet,
432 437 474 485 set
489 430 569 485 etiam
585 431 743 503 emancipati
757 439 786 486 et
800 431 828 484 iu
843 430 1013 502 adoptionem
1029 433 1100 505 dati,
1116 438 1142 490 si

185 512 264 568 modo
280 512 369 586 aliqua
383 529 415 569 ex
430 521 506 586 parte
521 513 634 569 heredes
649 514 745 586 scripti
760 516 827 584 sinn
844 520 895 570 aut
907 519 1063 583 praeteriti
1071 533 1139 574 con·

116 607 171 660 {aas}
186 603 226 652 tra
252 593 356 652 tabulas
382 599 536 653 testamenti
556 595 689 653 bonorum
709 598 911 671 possessiouem
932 613 965 652 ex
985 597 1073 654 edicto
1095 617 1140 672 pe-

184 673 309 737 tierint:¹
338 697 400 737 nam
427 680 582 737 exheredati
609 680 686 736 uullo
715 680 795 737 modo
821 679 958 753 repellunt
985 689 1138 753 patronum.

181 761 230 823 42.
254 763 352 820 Postea
374 764 437 838 lege
451 763 530 837 Papia
552 772 630 820 aucta
652 773 716 821 sunt
738 765 796 820 iura
811 772 999 838 patronorum,
1020 766 1140 838 quoded

181 847 374 922 locupletiores
390 847 503 904 libertos
518 847 651 922 pertinet:
675 856 783 904 cautum
806 855 848 904 est
871 849 940 903 enim
964 864 994 903 ea
1015 848 1087 922 lege,
1110 858 1141 904 ut

181 931 310 988 cahonis
332 933 405 1000 eius,
427 933 473 1004 qui
493 932 682 988 sestertiorum
703 950 880 990 nummorum
902 939 1016 988 centum
1036 932 1140 989 milium

178 1016 307 1087 merisne
316 1016 507 1089 patrimonium
518 1016 672 1089 reliquerit,
688 1023 715 1073 et
727 1017 868 1089 pauciores
880 1032 960 1089 quam
973 1024 1028 1072 tres
1040 1015 1140 1072 liberos

181 1096 306 1170 habebit,
328 1101 388 1154 siue
404 1098 427 1154 is
443 1107 604 1156 testamento
620 1099 692 1156 lacto
708 1103 766 1156 siue
788 1101 918 1157 intestato
937 1108 1061 1158 mortuus
1077 1102 1139 1172 erit,

183 1182 267 1239 uirilis
282 1199 343 1256 pars
358 1191 473 1255 patrono
489 1183 632 1251 debeatur3
647 1185 738 1256 itaque
754 1200 814 1239 cum
827 1199 909 1238 uuum
925 1181 1008 1239 lilium
1025 1199 1139 1240 uuamue

181 1264 263 1321 filiam
276 1266 401 1322 heredem
407 1266 549 1340 reliquerit
559 1267 682 1336 libertus,
694 1260 830 1339 'perinde²
841 1282 902 1338 pars
911 1265 1139 1338 dimidiapatrouo

181 1349 311 1419 debetur,
333 1351 408 1406 acsi
430 1351 488 1405 siue
510 1350 567 1407 ullo
590 1348 645 1405 lilio
664 1348 753 1405 liliaue
774 1340 947 1421 ²(testatus)3
970 1356 1138 1420 moreretur3

182 1448 243 1489 cum
258 1448 326 1487 uero
342 1431 413 1488 duos
428 1431 528 1489 duasue
543 1431 657 1489 heredes
672 1432 824 1506 reliquerit,
840 1432 921 1486 tertia
938 1447 999 1503 pars
1015 1431 1139 1504 debetur,

182 1516 206 1571 si
223 1521 277 1568 tres
292 1513 440 1585 relinquat,
455 1514 597 1586 repellitur
615 1522 758 1589 patronus.
795 1511 845 1572 43.
867 1514 988 1570 lobonis
1004 1514 1138 1571 libertina·

182 1613 244 1651 rum
269 1595 369 1651 nullam
389 1596 514 1651 iniuriam
532 1598 643 1669 antiquo
662 1600 721 1654 iure
746 1597 917 1670 patiebantur
936 1600 1055 1670 patroni:
1079 1615 1139 1654 cum

184 1680 254 1735 euim
276 1679 376 1734 hucin
398 1684 576 1751 patronorum
598 1679 719 1752 legitima
742 1679 826 1735 tutela
848 1688 954 1748 essent,
982 1698 1036 1736 uon
1062 1681 1140 1736 aliter

184 1761 286 1819 scilicet
309 1768 499 1817 testamentum
521 1761 610 1817 iacere
628 1769 754 1833 poteraut
776 1777 855 1832 quam
877 1771 991 1834 patrono
1015 1770 1140 1825 auctore:

182 1847 273 1919 itaque
288 1847 346 1901 siue
361 1851 457 1900 auctor
471 1844 504 1900 ad
517 1852 707 1902 testamentum
720 1844 868 1899 iaciendum
882 1842 924 1917 (is)
939 1837 1054 1921 l⁴laetus
1067 1852 1209 1916 eruum-1,

183 1937 234 1987 aut
254 1931 288 1986 de
304 1945 335 1986 se
356 1932 440 2002 quari
459 1930 577 1986 debebat
595 1929 680 1986 heres
695 1947 713 1984 a
729 1929 832 1984 liberta
848 1943 905 1984 non
921 1931 925 1987 l
941 1926 1068 1998 relictus,
1091 1937 1141 1985 aut
1153 1933 1171 1969 i·
1185 1937 1205 1970 Φ

181 2017 274 2087 ipsum
289 2028 329 2071 ea
344 2019 530 2085 testamenta,
552 2013 677 2069 niterer
693 2013 729 2069 ab
748 2027 783 2069 ea
805 2013 929 2077 retilctus
951 2016 1023 2080 erat,
1046 2027 1141 2084 seque-

182 2097 260 2153 batur
282 2090 443 2155 Ιιιιιιίἰῑιιι.ὗ
471 2098 493 2151 si
517 2112 583 2153 uero
606 2099 723 2163 auctori
741 2098 766 2152 ei
788 2095 874 2152 lactus
897 2111 952 2151 nou
967 2102 1036 2165 erat,
1060 2104 1087 2150 et
1102 2096 1142 2150 iu·

179 2195 394 2206 ...ἡ-..ι

255 2227 275 2296 ¹)
291 2229 349 2279 Non
363 2231 429 2278 satis
442 2236 567 2279 accurate
580 2230 628 2280 loa
642 2230 740 2280 dietum
755 2236 805 2289 est,
824 2231 901 2292 eulpa
915 2235 1011 2286 tamen,
1031 2235 1059 2277 ut
1072 2229 1141 2277 uide·

182 2309 234 2359 tur,
248 2302 332 2364 ipsius
348 2299 414 2349 Gaii.
446 2299 478 2348 In
497 2302 659 2364 emancipato
677 2316 756 2366 eoque
776 2302 802 2349 in
822 2301 985 2363 adoptionem
1003 2299 1077 2358 dato,
1097 2301 1142 2363 qai

183 2385 276 2421 rursus
289 2371 466 2433 emancipatus
480 2377 530 2427 est,
544 2372 704 2434 requiritur,
723 2377 751 2420 ut
765 2378 810 2420 aut
827 2370 903 2419 teres
920 2371 1035 2432 scriptus
1048 2372 1083 2419 sit
1096 2378 1142 2419 aut

180 2442 341 2506 praeteritus
355 2456 376 2490 e.
391 2446 407 2490 t.
422 2439 443 2491 b.
453 2443 641 2503 possessionem
656 2442 801 2504 acceperit,·
819 2441 847 2488 in
861 2455 890 2490 eo
904 2455 979 2499 vero,
994 2442 1039 2503 qui
1052 2442 1079 2489 in
1094 2442 1141 2489 ad·

183 2514 286 2577 optione
299 2511 421 2561 extranei
434 2517 484 2569 est,
505 2518 532 2561 ut
545 2527 562 2560 a
578 2513 697 2560 naturali
713 2517 791 2574 patre
810 2509 884 2558 iteres
901 2512 1016 2572 scriptus
1033 2512 1080 2569 sit,
1099 2513 1142 2560 eui

159 2592 162 2598 '
182 2591 208 2633 et
230 2584 281 2646 ipsi
304 2583 435 2632 commisso
455 2596 505 2644 per
527 2583 607 2630 alium
629 2582 713 2629 edicto
739 2594 760 2628 c.
779 2585 795 2628 t.
814 2577 837 2627 b.
857 2581 989 2640 possessio
1012 2582 1139 2643 competit.

185 2653 306 2703 Fortasse
324 2660 407 2702 tamen
426 2653 477 2701 iam
495 2657 555 2700 ante
572 2649 746 2698 Iustinianum
760 2654 820 2710 post
842 2655 881 2695 aut
898 2650 1036 2698 exciderat
1058 2665 1141 2698 rursus

183 2723 327 2786 emancipati
345 2729 375 2774 et
463 2716 484 2786 ¹)
503 2718 549 2770 Sic
563 2720 647 2768 instit.
667 2717 766 2782 proinde
784 2715 873 2780 Suppl.
888 2716 926 2765 St.
939 2733 967 2780 p.
984 2719 1092 2769 XXXI.
1107 2735 1142 2768 eac

183 2801 246 2844 nota
260 2792 411 2855 confusione
425 2796 544 2840 natarum
558 2791 585 2838 in
599 2789 649 2838 leae
666 2803 734 2837 uoce.
758 2785 818 2851 Ipse
827 2789 975 2849 prorniscue
986 2791 1072 2850 posui,
1086 2805 1143 2838 eum

184 2866 217 2914 de
235 2863 342 2913 diuersa
359 2862 550 2926 significatione
569 2860 681 2909 nondum
699 2864 803 2908 constet.
877 2852 897 2922 Β)
912 2855 1013 2904 Addidi
1032 2861 1090 2906 item
1108 2873 1143 2907 ex

184 2935 258 2985 bonis
274 2932 336 2985 Odd.
351 2933 414 2982 Inst.
427 2938 452 2981 et
470 2930 620 2993 lteopttto,
638 2944 782 2995 quanquam
796 2929 820 2977 is
834 2933 952 2976 testatum
966 2935 1143 2976 commemorat

184 3006 236 3054 iarn
250 3003 412 3054 antecedenti
425 3002 565 3050 enuntiate.
638 2997 660 3063 ⁴)
675 2999 809 3063 Reliquam
819 3005 921 3062 partem
934 2997 1012 3045 huius
1027 2998 1054 3058 §i
1067 2998 1142 3047 initio

185 3090 254 3125 nunc
267 3075 373 3123 reiectis
390 3074 437 3129 iis,
456 3086 521 3135 quae
540 3073 567 3120 in
586 3071 644 3121 edat.
659 3083 677 3121 1.
692 3083 711 3121 s.
725 3071 761 3119 ad
778 3070 865 3118 hiatus
881 3067 1023 3131 explendos
1037 3069 1142 3133 excopi-

184 3152 312 3201 taoeram,
331 3158 366 3192 en
388 3138 432 3191 Vl*
449 3158 466 3191 a
485 3141 608 3207 Kratpero
627 3139 698 3205 (ierit.
722 3138 962 3202 Versueltep.1el)
982 3141 1079 3195 relata,
1097 3138 1145 3188 sed

184 3217 241 3279 ipso
270 3210 314 3263 W
337 3214 439 3278 cognito
462 3214 538 3262 etiarn
564 3212 670 3261 reiectis
688 3212 822 3274 plerisque
849 3211 1030 3272 supplementis
1051 3208 1144 3259 Krnis

183 3286 274 3349 refeci.
307 3284 345 3333 De
363 3283 459 3347 querele
477 3283 572 3345 patroni
590 3281 625 3344 af.
645 3293 671 3344 e,
689 3293 723 3331 40.
790 3277 811 3344 ⁶)
828 3280 993 3329 Correetione
1012 3294 1076 3343 opus
1092 3295 1143 3330 nan

182 3364 231 3407 est.
261 3354 299 3418 Os.
315 3355 345 3405 L.
359 3365 379 3405 e.
399 3355 422 3416 ξ.
438 3364 457 3405 5.
478 3352 509 3403 D.
523 3352 606 3402 mand.
621 3350 667 3417 (ιι,
681 3350 705 3416 1)
726 3349 782 3400 Gai.
795 3362 817 3412 t,
832 3362 865 3402 tr.

256 3456 281 3528 §-
301 3463 342 3510 42.
361 3481 394 3501 ε-
413 3462 435 3521 5.
454 3470 473 3509 e.
500 3457 520 3509 I.
539 3458 594 3507 eod.
621 3456 660 3520 Of.
680 3456 713 3505 L.
733 3467 765 3507 16.
784 3455 815 3506 D.
830 3456 861 3504 de
880 3456 937 3503 iure
952 3462 1022 3517 patr.
1036 3454 1086 3521 (et,
1101 3453 1144 3521 14).

184 3527 209 3600 fi.
224 3534 265 3582 43.
288 3530 324 3593 Of.
343 3528 398 3593 Uip.
413 3541 452 3592 ae,
466 3540 486 3578 n.
509 3528 552 3579 Pr.
567 3528 598 3577 de
612 3528 628 3578 ι’.
639 3528 701 3591 fisci
715 3529 737 3589 ξ.
753 3537 786 3577 le.
805 3541 887 3590 supra
902 3538 922 3587 1,
937 3537 983 3577 192.
