2609 3942
590 213 677 248 salvs.
1051 194 1114 258 163

163 331 253 399 primo
271 331 471 385 commentario
489 347 600 398 recens,
623 334 670 387 vel
687 334 736 401 qui
754 335 874 388 eundem
891 338 967 393 certe
985 341 1114 396 manibus

163 399 281 462 teneret,
299 399 365 452 ante
383 399 478 452 oculos
496 399 523 452 ei
540 402 704 456 versaretur.

230 465 286 518 Tot
301 482 369 519 vero
386 466 528 534 tantisque
546 466 612 520 libri
629 467 781 520 virtutibus
803 468 889 522 etiam
910 487 1051 528 successus
1072 491 1115 529 re-

163 532 284 586 scndit.
324 532 378 586 Per
402 533 476 586 hunc
504 533 589 587 Gaius
615 535 696 602 quasi
722 537 889 603 perpetuum
914 538 1115 596 initiandcrum

186 599 313 653 hemidos
339 600 515 654 sacerdotum
541 618 641 655 munus
668 602 719 654 ade
741 602 786 654 tus
812 605 854 655 est
880 603 921 665 et,
947 606 1014 659 dum
1037 610 1117 663 stetit

162 666 311 735 imperium
329 666 494 732 Romanum,
513 669 638 722 retinuit.
674 667 703 720 M
734 668 757 721 ti
779 668 895 721 maximi
917 674 1038 727 nominis
1056 677 1115 730 leti

164 748 338 802 quorumque
360 734 527 814 quibusdam
550 734 648 802 Gaius,
677 736 701 788 si
718 736 809 803 ipsam
831 737 977 791 scientiam
998 744 1115 809 spectes,

163 802 211 855 vix
228 816 383 870 comparum
404 803 510 870 potest,
534 818 599 856 eum
621 805 718 871 aperte
741 804 846 856 imitati
867 805 913 858 vel
935 807 1010 860 tecte
1028 808 1064 861 ab
1083 825 1116 862 eo

163 869 284 922 mutuati
301 870 374 927 suni.
410 870 594 923 Grammatioi
611 886 722 938 quoque
740 871 846 925 exhor
882 874 1012 941 raecipue
1034 875 1115 942 libro,

163 952 234 1003 quae
252 937 288 989 ad
305 936 349 988 ius
366 935 449 989 civile
488 937 648 1002 attinerent,
666 939 816 1006 petierunt.
877 941 960 995 uente
978 957 1045 996 vero
1065 943 1116 995 im-

162 1005 240 1070 perio
266 1005 326 1056 tam
353 954 539 1057 occidenfnles
566 1003 707 1075 Visigothi
731 1006 762 1058 in
787 1006 927 1061 breviario
954 1008 1114 1064 Alaricianc

163 1069 277 1137 Gaium,
304 1071 336 1123 ut
360 1070 433 1124 ferre
460 1087 524 1124 eum
546 1073 689 1140 poterant,
717 1089 810 1127 rursus
832 1074 932 1127 scholis
954 1077 1011 1129 suis
1035 1094 1115 1144 prae-

161 1136 302 1203 fecerunt,
330 1154 416 1205 quam
438 1136 467 1191 in
491 1138 599 1193 oriente
619 1140 802 1205 lastinianus,
831 1140 895 1193 dum
921 1158 1007 1196 novas
1033 1146 1116 1213 paret

161 1204 368 1270 institutiones,
391 1205 512 1259 maxime
535 1206 657 1260 Gaianas
682 1223 746 1261 eum
768 1208 852 1261 rebus
873 1209 1057 1326 gUOffidiassss,
1081 1228 1115 1265 ex

162 1272 265 1339 quibus
288 1274 317 1325 et
332 1272 394 1341 ipse
415 1273 458 1326 ius
476 1273 626 1339 didicerat,
650 1291 714 1328 suas
730 1275 811 1339 fecit,
833 1291 871 1326 un
892 1291 908 1328 e
931 1292 995 1329 eum
1014 1277 1116 1331 Gaium

162 1340 309 1392 ‘nostrum’
335 1339 478 1407 appellare
501 1344 634 1408 (prooem,
658 1342 678 1398 Ι,
696 1347 719 1407 §-
737 1346 761 1393 6.
779 1341 803 1401 §-
820 1348 844 1397 5.
863 1341 884 1394 Ι.
907 1341 942 1395 de
959 1344 1037 1412 publ.
1056 1345 1113 1402 iud.

160 1410 351 1469 4‚18.const.
376 1406 493 1460 Omnem
516 1409 585 1474 reip.
603 1413 625 1473 ξ.
646 1411 679 1474 1,)
701 1423 767 1462 sane
788 1408 891 1484 mirum
912 1412 1035 1464 nonest.
1070 1411 1114 1466 Ita

161 1488 228 1526 vero
247 1471 342 1537 Gaius,
360 1472 416 1526 alio
434 1474 502 1527 licet
518 1473 569 1527 sub
582 1474 695 1528 nomine
708 1477 737 1528 et
747 1475 931 1528 multifariam
943 1476 1115 1533 deformatus

160 1539 248 1594 totius
265 1540 376 1608 generis
393 1539 508 1594 humani
525 1542 660 1618 magister
676 1543 706 1595 in
718 1542 778 1596 iure
791 1543 868 1595 civili
880 1543 969 1596 factus
981 1547 1030 1598 est.
1060 1546 1115 1601 Sed

162 1608 236 1660 sicut
257 1620 386 1672 gemmae
408 1607 551 1673 ingenitus
571 1625 644 1674 1gn1s
666 1625 718 1662 nec
741 1610 868 1676 extingui
893 1609 978 1680 longo
1001 1613 1056 1666 situ
1083 1629 1115 1667 ac

161 1671 280 1741 pulvere
298 1686 350 1722 nec
367 1675 503 1746 perpetuo
522 1688 539 1725 a
556 1675 677 1741 cognata
693 1674 755 1727 luce
773 1676 933 1750 praepediri
949 1680 1057 1745 potest,
1075 1681 1117 1733 ita

161 1737 261 1792 nostra
278 1737 373 1789 aetate
391 1740 477 1790 et1am
494 1740 631 1805 genuinae
650 1739 716 1792 Gaii
732 1740 924 1793 institutiones
936 1758 951 1795 e
963 1745 1116 1798 multorum

162 1802 1116 1867 saeculorumcblivioneresuscitataedennoefficacissimumacrioris

161 1871 249 1926 studii
259 1887 291 1924 ac
301 1871 448 1939 penitioris
458 1871 526 1925 iuris
537 1871 627 1924 civilis
637 1871 805 1938 cognitionis
814 1871 983 1927 fermentum
992 1892 1115 1935 evasere.

229 1938 294 1992 Gaii
316 1938 510 1992 institutiones
531 1939 613 1992 unico
634 1939 730 1991 codice
754 1938 907 1992 Veronensi
932 1942 1114 2020 palimpsesto

162 2007 287 2060 servatas
309 2021 382 2070 esse,
410 2006 548 2059 Niebuhri
569 2006 605 2059 ab
627 2005 777 2059 Hauboldo
804 2006 942 2061 admoniti
968 2012 1068 2064 merito
1090 2029 1115 2067 a.

161 2072 358 2128 MDCCCXVI.
377 2073 493 2127 invento
511 2074 540 2127 et
558 2090 575 2127 a
593 2073 766 2140 (meschone,
784 2076 926 2144 assumpto
944 2078 1019 2130 socio
1039 2077 1116 2132 Holl-

161 2140 264 2210 wegio,
292 2155 366 2193 anno
393 2141 558 2208 insequente
589 2158 733 2209 nunquam
759 2141 827 2196 satis
852 2141 994 2197 laudando
1024 2146 1123 2200 studio

161 2206 391 2275 transcriptam
408 2207 509 2277 vulgus
526 2209 625 2261 notum
643 2209 694 2261 est.
729 2207 771 2261 De
794 2210 886 2263 aetate
908 2210 991 2266 huius
1014 2213 1126 2267 codicis

163 2274 172 2325 i
195 2291 224 2327 se
247 2273 406 2327 Niebuhrus
429 2276 459 2328 et
480 2276 580 2343 postea
601 2274 658 2328 Uir.
676 2274 802 2343 chpius
820 2276 962 2341 (Zeitsohr.
984 2280 1003 2337 f.
1021 2282 1126 2360 gesch.v

188 2340 234 2393 W.
251 2341 300 2394 IV.
318 2343 403 2408 473.)‚
425 2356 480 2394 non
499 2343 589 2396 videri
611 2358 676 2395 eum
697 2344 762 2411 post
778 2343 964 2398 Iustinianum
982 2351 1129 2416 scriptum„

164 2423 232 2469 esse,
250 2406 458 2474 iudicaverunt3
483 2409 557 2528 (lund
575 2410 763 2463 strationem
781 2410 879 2475 habet,
896 2413 938 2465 ita
955 2415 1050 2468 tamen
1068 2417 1115 2469 ad·

163 2473 287 2527 dendnm
305 2476 354 2538 est,
371 2490 424 2529 nec
441 2493 488 2528 mn
501 2476 530 2529 to
548 2477 613 2530 ante
632 2479 767 2545 seriptum
784 2478 885 2543 videri;
902 2479 933 2532 id
951 2481 1026 2534 enim
1042 2483 1128 2551 glos-v,

162 2557 240 2595 sema
257 2541 363 2595 evincit
380 2542 471 2596 adhuc
488 2558 544 2596 non
562 2543 767 2611 observatum,¹
791 2545 866 2612 quod
883 2545 997 2614 irrepsit
1013 2555 1037 2611 a,
1059 2555 1114 2603 195.

162 2607 299 2677 ‘legatum
323 2608 377 2662 sibi
396 2625 455 2663 esse
474 2610 642 2674 dimissum’;
665 2627 731 2663 nem
750 2611 876 2665 ‘dimitti’
920 2629 950 2667 ro
973 2614 1124 2684 ‘relinqui’v

162 2673 289 2752 legatum
305 2677 351 2729 vel
369 2676 490 2745 ‘legari',
513 2678 589 2744 quod
612 2679 646 2731 nt
662 2678 803 2731 Aleander
825 2680 854 2732 et
871 2631 1062 2751 Scffiultingius
1079 2683 1116 2736 ad

163 2740 224 2799 Gai.
245 2743 313 2810 epit.
330 2748 359 2806 2,
378 2747 402 2795 1.
425 2751 448 2806 ς’.
466 2748 491 2797 8.
515 2745 545 2796 et
562 2751 591 2809 1,
614 2750 637 2798 1.
658 2750 680 2809 §-
698 2752 723 2798 4.
746 2747 891 2812 notarunt,
917 2747 946 2800 in
974 2748 1121 2803 breviario

161 2807 322 2862 Alariciano
335 2823 381 2862 sae
402 2809 497 2864 issima
508 2810 621 2880 legitur,
640 2814 705 2865 anie
716 2812 802 2866 finem
819 2813 924 2867 saeculi
942 2816 1040 2882 quinti,
1058 2831 1114 2884 quc

161 2876 271 2927 tantam
288 2876 369 2928 vetus
409 2875 523 2930 atinitas
547 2879 658 2932 ruinam
679 2895 762 2947 passa
784 2880 838 2943 est,
861 2881 909 2934 vix
930 2881 972 2934 ita
988 2883 1017 2933 in
1034 2899 1114 2935 usum

161 2942 285 3007 venerit,
307 2943 340 2994 ut
356 2957 407 3009 pro
425 2943 594 3012 glossemate
612 2947 793 3010 scriberetnr;
818 2946 868 2999 illo
891 2963 958 3000 vero
979 2947 1041 3000 loco
1058 2949 1114 3000 iam

106 3013 192 3072 [enin
215 3024 248 3062 eo
271 3008 367 3062 codice
389 3009 473 3064 fuisse
495 3011 619 3078 videtur,
642 3012 716 3066 unde
738 3014 832 3067 noster
854 3014 1037 3080 transcriptus
1062 3017 1112 3067 est.

159 3116 371 3126 *-

234 3163 255 3233 ¹)
269 3167 335 3217 Nulla
346 3176 428 3218 contra
439 3170 529 3219 ratione
539 3171 696 3232 Boeekingius
707 3171 734 3220 sd
750 3183 771 3232 3,
787 3184 833 3223 198.
843 3180 928 3221 notans
939 3168 1005 3238 [edd.
1015 3183 1036 3222 a.
1047 3179 1071 3220 et
1079 3169 1113 3240 1.]

160 3237 277 3298 glossema
293 3239 325 3287 ibi
341 3240 518 3303 deprehendere
534 3242 580 3289 sibi
593 3241 659 3289 uisus
674 3248 724 3301 est,
743 3251 854 3305 respectu
870 3243 895 3290 L.
911 3253 944 3292 ao.
960 3239 985 3289 C.
1001 3242 1113 3292 desuetis

161 3306 191 3373 (o,
206 3308 228 3374 a)
249 3310 390 3359 coniectum.
424 3308 560 3360 ‘Probumm
579 3308 626 3359 est'
647 3324 677 3359 ne
695 3318 775 3373 potest
788 3313 883 3375 quidem
903 3312 965 3361 atiud
980 3313 1114 3375 significare

160 3385 230 3441 atque
246 3380 308 3442 quod
323 3380 480 3442 postedicitur
495 3378 649 3444 ‘responsum
669 3378 693 3428 'et
707 3379 855 3430 iudicatum'.
880 3384 937 3432 Aliis
952 3398 1009 3433 sane
1023 3386 1114 3447 glosse-

159 3451 229 3498 maris
250 3449 391 3500 Veronensis
410 3452 484 3499 codex
499 3451 644 3500 deformatus
664 3455 712 3509 esi,
727 3451 878 3515 sedialibus,
893 3469 952 3518 qnae
967 3455 997 3504 ad
1010 3463 1113 3519 tempus,

160 3533 206 3582 quo
220 3520 325 3582 scriptus
339 3521 379 3583 sit,
394 3521 553 3570 definiendum
567 3535 614 3570 non
629 3520 725 3570 iaciunt

846 3613 901 3662 11*
