2609 3942
462 177 636 213 cnu1usr1r.
653 158 689 217 ΙΙ,
709 167 817 215 92—96.
1059 162 1119 227 241

161 319 316 393 legatumne
332 316 404 391 quod
417 318 440 373 ei
452 316 542 372 datum
555 316 647 386 luerit,
662 333 716 373 non
728 319 803 389 mihi,
819 318 866 373 sed
877 316 985 375 domino
998 320 1120 393 proprie·

163 405 226 460 tatis
241 402 401 475 adquiritur.
431 396 481 458 99.
498 400 569 456 ldem
585 400 673 474 placet
689 400 723 457 de
738 417 782 473 eo,
798 404 844 475 qui
860 419 875 457 a
889 401 966 457 nobis
982 402 1119 460 bonafide

161 486 332 561 possidetur,
348 480 352 563 1
369 486 428 542 siue
450 483 518 542 iiber
538 485 575 540 sit
595 484 655 541 siue
684 485 788 542 alienus
810 501 923 540 seruus:
952 486 1025 559 quod
1048 482 1169 544 enimi&

161 571 264 645 placuit
284 568 317 625 de
332 568 551 638 usufructuario,
570 567 641 624 ldem
662 568 792 642 probatur
807 569 886 624 etiam
908 567 942 623 de
959 568 1045 625 bonae
1059 568 1121 627 fidei

161 668 336 729 possessore:
359 654 450 727 itaque
466 651 538 725 quod
554 661 629 708 extra
644 651 709 708 duas
726 655 791 710 istas
806 667 900 709 causas
915 650 1072 724 adquiritur,
1093 652 1121 708 id

163 737 208 794 uel
222 736 255 793 ad
269 738 357 810 ipsum
372 738 499 810 pertinet,
515 737 538 792 si
553 735 621 791 liber
635 744 688 807 est,
705 736 748 792 uel
763 736 796 792 ad
817 736 966 806 dominum,
986 737 1120 791 sisennus

162 830 216 879 est.
257 817 307 879 99.
330 818 384 875 Sed
404 821 429 876 si
451 820 536 876 bonae
559 818 621 875 fidei
641 836 787 893 possessor
808 821 966 892 usueeperit
985 812 1118 890 sernum,¹

162 907 225 980 quia
236 920 268 961 eo
280 903 362 960 modo
374 902 499 960 dominus
511 901 551 970 fit,
565 919 597 961 er
610 905 682 960 omni
691 920 770 962 seusa
781 920 831 977 per
842 920 902 960 euro
914 902 966 960 sibi
977 904 1120 978 adquirere

163 996 264 1063 potest.
301 986 518 1044 usufructuarius
541 1003 607 1044 uero
629 1003 778 1061 usucapere
800 1004 855 1044 uon
877 995 982 1060 potest;
1005 990 1119 1062 primum

163 1075 225 1145 quia
241 1088 295 1128 non
309 1070 441 1145 possidet,
463 1079 507 1128 set
520 1071 600 1128 habet
614 1072 657 1127 ius
676 1066 922 1140 'utendiiruendi;²
943 1072 1039 1129 deinde
1058 1072 1120 1144 quia

164 1158 229 1228 seit,
245 1156 360 1216 silenum
375 1172 486 1212 seruum
501 1173 571 1212 esse.
601 1153 651 1214 94.
665 1155 702 1212 lie
716 1156 763 1214 illo
779 1157 931 1230 quaeritur,
946 1171 980 1211 an
994 1171 1044 1230 per
1059 1171 1120 1211 eum

163 1256 283 1312 seruum,
299 1241 327 1296 iu
344 1255 397 1313 quo
410 1235 608 1296 usumfructum
620 1240 759 1310 habemus,
776 1239 916 1312 possidere
930 1239 1049 1311 aliquam
1063 1254 1119 1293 rem

164 1333 192 1380 et
206 1339 353 1398 usucapere
365 1316 536 1397 ’possimus‚³
552 1324 613 1397 quia
624 1324 713 1396 ipsum
725 1338 780 1379 non
791 1322 972 1396 possidemus.
999 1338 1049 1395 per
1059 1337 1121 1377 eum

163 1425 242 1478 uero,
264 1423 344 1482 quem
366 1405 503 1464 bonafide
518 1407 700 1481 possidemus,
722 1408 781 1463 sine
800 1405 882 1463 dubio
898 1414 925 1462 et
939 1405 1079 1480 possidere
1093 1412 1121 1460 ct

163 1506 314 1565 usucapere
328 1506 484 1563 possumus.
516 1490 654 1563 loquimur
676 1499 765 1547 autem
786 1492 815 1546 in
837 1490 979 1563 utriusque
1000 1505 1120 1564 persona

164 1573 312 1631 seeundum
327 1571 519 1642 definitionem,
533 1590 613 1645 quam
632 1578 753 1646 proxime
771 1576 956 1647 exposuimus,
977 1573 1003 1629 id
1024 1582 1076 1644 est,
1098 1574 1121 1627 si

166 1658 337 1731 quidesse
359 1656 519 1712 nostrauel
541 1670 573 1711 er
596 1657 685 1728 operis
711 1658 767 1712 suis
794 1657 951 1731 adquirant,
981 1657 1015 1711 ’id
1043 1655 1120 1712 uobis

94 1751 150 1808 [uec]
165 1731 300 1814 adquiri!
343 1735 391 1796 95.
413 1736 451 1793 Er
471 1738 514 1793 itis
536 1745 664 1811 apparet,
692 1754 741 1811 per
767 1737 866 1794 liberos
891 1739 1030 1810 homines,
1052 1754 1121 1812 quos

166 1839 254 1897 neque
269 1823 321 1879 iuri
334 1830 430 1878 nostro
443 1821 583 1878 subiectos
599 1820 741 1894 hahemus,
764 1836 852 1893 neque
872 1820 941 1878 bona
962 1819 1015 1877 ilde
1034 1823 1119 1894 possi·

165 1907 267 1979 demus,
283 1906 356 1964 ’item
371 1922 421 1980 per
431 1905 533 1970 alienos
545 1922 652 1976 seruos,
667 1907 695 1961 ln
710 1905 807 1980 quibus
822 1921 911 1980 neque
925 1905 1121 1961 usumiructum

166 1992 295 2049 habemus
317 2007 405 2064 neque
427 1992 526 2047 iustam
548 1984 868 2063 possessionem,⁶nulla
888 2004 1021 2046 excausa
1044 1987 1121 2044 nolis

165 2077 270 2149 adquiri
284 2092 374 2150 posse.
410 2083 438 2131 et
453 2074 506 2131 hoc
519 2082 571 2145 est,
588 2073 662 2148 quod
678 2074 762 2147 uulgo
776 2073 884 2146 dicitur,
905 2089 954 2147 per
969 2081 1121 2129 extraneam

166 2177 308 2234 personam
330 2158 409 2214 nobis
430 2159 536 2232 adquiri
557 2173 611 2214 non
633 2174 731 2231 posse;
760 2165 863 2214 tantum
890 2157 924 2213 de
949 2157 1123 2231 possessione

167 2245 325 2315 quaeritur,
355 2259 387 2298 an
413 2241 472 2316 'per
497 2258 651 2313 personum
679 2235 820 2299 liberum⁶
847 2242 924 2298 nobis
953 2241 1121 2315 adquiratur.

165 2320 215 2383 96.
235 2325 265 2381 ln
286 2341 389 2381 summa
408 2325 546 2382 sciendum
568 2333 624 2397 est,
646 2326 705 2398 his,
729 2328 774 2400 qui
796 2328 824 2383 in
843 2324 848 2401 Ι
868 2334 1019 2400 potestate,
1043 2324 1172 2381 mannii·

137 2506 147 2514 “
241 2498 262 2567 ¹)
276 2502 321 2551 liu
344 2498 400 2562 W,
423 2505 450 2552 in
469 2517 518 2567 quo
537 2503 606 2566 quod
625 2509 685 2552 ante
703 2502 814 2563 usucepit
832 2503 927 2565 lepitur
945 2515 1012 2563 cum,
1035 2502 1123 2551 errori

166 2574 273 2625 librarii
282 2575 361 2637 prius
375 2573 396 2622 si
410 2573 491 2631 obliti,
506 2588 580 2637 quom
595 2586 649 2620 eum
664 2573 798 2635 corripere
812 2573 898 2620 malui.
971 2568 994 2636 ¹)
1007 2570 1053 2620 Ex
1062 2572 1121 2636 etp.

167 2653 192 2695 et
206 2645 269 2694 [nst.
285 2644 367 2693 utendi
381 2650 405 2693 et
419 2644 513 2692 fruendi
529 2642 555 2692 0.
565 2642 623 2690 edd.
662 2636 683 2704 ⁸)
697 2653 824 2703 possumus
836 2639 861 2688 Ο.
872 2641 911 2689 ed.
921 2640 969 2706 Bp.
1012 2638 1034 2706 ⁴)
1046 2641 1130 2705 Ferri,

162 2715 345 2779 pessuutltuee
354 2712 441 2772 uerba,
458 2712 568 2761 maxime
578 2726 634 2760 eum
648 2706 695 2759 Vnt
707 2709 868 2758 definitionem
881 2725 933 2760 uon
946 2712 1123 2760 distinctionem

162 2791 286 2849 praestet.
310 2783 378 2833 Edu.
389 2796 409 2836 1.
418 2794 439 2832 s.
450 2782 526 2832 initio
539 2783 716 2845 suppleuerum
727 2777 791 2830 ‘ure’
807 2794 843 2828 eu
856 2781 941 2830 uicino
951 2782 1030 2830 simili
1037 2788 1090 2829 -ant
1099 2788 1124 2829 et

162 2863 224 2919 post
228 2870 281 2918 pro
291 2855 424 2917 adquiritur
431 2852 480 2919 (sic
487 2851 513 2901 C.
519 2850 589 2916 edd.)
598 2853 755 2915 scripseram
764 2850 909 2913 adquiratur.
930 2850 983 2900 Pr0
993 2851 1125 2913 acquiritur

167 2933 250 2976 tomen
269 2939 338 2974 nune
355 2924 435 2973 mutui
453 2921 549 2986 acquiri.
587 2920 684 2972 Vitium
702 2921 862 2972 occidemus
879 2920 995 2984 effecisse
1014 2921 1123 2978 uidetur,

167 3003 196 3045 ut
205 2996 269 3046 Iust.
279 2995 343 3044 Inst.
353 2994 417 3044 loeo
430 2994 581 3044 omitterent.
614 2992 692 3043 [lueis
706 2999 735 3041 ut
745 2994 871 3057 plessema
880 2993 986 3041 inclusit
994 2989 1042 3055 Bp.
1053 2990 1092 3039 ed.
1102 3000 1123 3040 t.

169 3064 280 3133 ⁶)Huee
293 3079 385 3115 errore
398 3064 539 3128 dupliciter
551 3063 667 3113 seribere
681 3062 807 3112 librarius
821 3064 911 3126 eoepit.
985 3057 1006 3126 θ)
1022 3059 1082 3109 Cum
1096 3060 1123 3108 in

173 3133 218 3185 W
230 3144 327 3187 tontum
335 3137 371 3185 sit
382 3150 485 3199 pp—
495 3134 612 3183 dubitari
615 3140 710 3197 potest,
724 3148 759 3181 au
767 3134 892 3196 scriptum
898 3132 983 3195 suerit
991 3131 1125 3193 selpotius

168 3214 281 3258 notatum
294 3219 473 3270 perpessorum
482 3204 582 3253 liberam
591 3220 626 3254 uo
635 3218 680 3266 per
688 3209 875 3266 procuratorem.
903 3201 956 3252 Sed
969 3202 1042 3260 illud,
1056 3200 1125 3265 quod

167 3279 244 3327 etiam
257 3284 365 3327 tutorem
378 3282 404 3325 et
417 3281 561 3326 curatorem
576 3274 778 3337 comprehendit,
793 3275 891 3323 rectius
903 3279 949 3322 est.
978 3336 981 3340 Ι

238 3431 263 3503 5.
279 3438 321 3486 94.
342 3434 452 3497 Odit.
472 3432 552 3483 leit.
616 3428 642 3500 ξ.
658 3433 700 3482 95.
716 3430 910 3493 =§.c.Icit.
932 3430 969 3495 0⁰.
985 3430 1123 3494 Paulus.

168 3507 227 3567 §.s
289 3501 315 3573 §-
330 3508 372 3556 96.
394 3504 432 3567 Os.
447 3505 471 3565 θ.
485 3515 554 3555 eu

218 3606 314 3638 rrsrsrs.
327 3605 405 3637 usuc
417 3605 469 3637 snm.
484 3606 523 3638 sn.
536 3605 559 3638 v.
890 3589 922 3638 16
