2609 3942
198 168 262 247 374
490 195 667 231 nn111nsn1n.
686 175 733 229 [V.
753 182 861 230 'to-78.

261 332 308 394 75.
327 335 365 390 Ex
380 327 530 391 maleficio¹
552 332 781 390 liliorumlamilias
803 348 1010 404 seruorumque,
1031 333 1118 389 ueluti
1134 335 1158 389 si

199 422 301 477 lurtum
328 421 440 475 iecerint
467 427 512 474 aut
537 419 661 473 iniuriam
681 418 877 485 commiserint,
900 416 1010 471 noxales
1036 418 1158 473 actiones

199 504 321 578 proditae
336 511 411 572 sunt,
433 502 471 557 uti
487 501 582 558 liceret
601 503 673 573 patri
687 500 831 555 dominoue
846 508 893 555 aut
913 498 969 554 litis
991 501 1158 557 aestimatio·

198 605 259 644 nem
274 586 389 642 sufferre
405 595 450 641 aut
465 601 552 640 noxae
566 584 678 640 dedere:
694 592 753 639 erat
767 586 836 639 enim
850 586 986 656 iniquum,
1008 586 1158 658 nequitiam

199 688 293 727 eornm
310 671 379 726 ultra
394 672 515 742 ipsorum
531 684 644 741 corpora
659 667 816 742 parentibus
834 667 986 723 dominisue
1002 668 1158 724 damnosam

200 771 269 810 esse.
304 750 352 811 76.
376 753 545 809 Constitntae
565 761 630 807 sunt
650 761 740 807 autem
762 751 869 806 noxales
885 752 1005 806 actiones
1021 760 1068 807 aut
1087 752 1157 825 legi-

199 837 251 894 bus
266 848 312 893 aut
328 836 416 892 edicto
436 837 584 910 praetoris:
607 835 730 908 legibus,
746 835 822 891 uelut
835 833 903 890 luxti
918 834 979 908 lege
993 851 1039 891 xm
1053 835 1158 892 tabula·

199 937 269 991 rum,
290 921 378 976 damni
397 921 508 975 iniuriae
527 918 588 992 lege
602 918 722 992 Aquilia;
744 919 832 974 edicto
848 920 995 991 praetoris,
1019 918 1096 974 uelut
1117 921 1158 975 iu·

199 1004 327 1059 iuriarum
342 1012 370 1060 et
385 1003 414 1057 ui
429 1001 561 1057 bonorum
577 1011 726 1076 raptorum.
761 997 804 1059 77.
827 1000 924 1057 Omnes
940 1010 1030 1057 autem
1045 1002 1158 1059 noxales

200 1088 319 1143 actiones
334 1095 414 1158 caput
429 1093 594 1156 sequuntur:
617 1102 678 1140 nam
698 1087 721 1139 si
744 1083 815 1140 filius
836 1094 900 1141 tuus
914 1102 1045 1142 seruusue
1060 1103 1159 1142 noxam

200 1171 372 1239 commiserit,
389 1167 514 1242 quamdiu
528 1169 555 1222 in
570 1175 617 1223 tua
633 1175 768 1241 potestate
783 1176 840 1238 est,
863 1177 951 1225 tecum
966 1177 1009 1224 est
1024 1171 1112 1239 actio;
1135 1172 1158 1226 si

199 1255 227 1309 in
241 1253 352 1309 alterius
367 1259 530 1327 potestatem
545 1253 717 1324 peruenerit,
740 1269 800 1307 cum
822 1251 870 1308 illo
885 1253 979 1325 incipit
995 1255 1064 1308 actio
1080 1269 1176 1337 esse3‘

200 1339 222 1392 si
238 1339 280 1392 sui
295 1339 361 1392 iuris
376 1337 496 1409 coeperit
513 1352 588 1405 esse,
604 1335 705 1391 directa
721 1337 790 1391 actio
805 1352 866 1390 cum
880 1337 941 1409 ipso
957 1344 1013 1405 est,
1029 1345 1056 1392 et
1071 1353 1157 1393 noxae

200 1420 302 1476 deditio
323 1421 500 1493 extinguitur.
538 1435 570 1475 en
590 1419 699 1474 diuerso
721 1435 828 1492 quoque
849 1419 952 1475 directa
967 1422 1036 1475 actio
1052 1420 1157 1476 noxalis

200 1519 259 1559 esse
285 1504 393 1577 incipit:
416 1519 476 1558 nam
503 1504 526 1557 si
554 1503 743 1576 paterfamilias
763 1518 860 1559 noxam
881 1504 1061 1572 commiserit,
1084 1512 1112 1560 et
1133 1505 1157 1560 is

200 1603 230 1642 se
244 1588 272 1641 in
287 1585 491 1659 adrogationem
507 1587 554 1642 tibi
573 1586 677 1642 dederit
693 1595 739 1642 aut
753 1602 850 1642 seruus
866 1596 930 1642 tuus
945 1603 1005 1642 esse
1024 1589 1156 1661 coeperit,

200 1668 299 1746 (quod)
316 1669 474 1743 quibusdam
490 1669 594 1726 casibus
609 1670 729 1726 accidere
749 1671 836 1743 primo
859 1673 1052 1727 commentario
1073 1668 1158 1727 tradi-

201 1756 298 1825 dimus,
313 1756 407 1829 incipit
422 1763 511 1811 tecum
528 1753 631 1809 noxalis
645 1755 714 1809 actio
730 1770 800 1823 esse,
819 1770 886 1825 quae
900 1763 962 1809 ante
976 1755 1079 1810 directa
1094 1756 1156 1812 luit.

199 1835 245 1895 78.
265 1838 318 1894 Sed
338 1840 359 1894 si
380 1836 451 1893 filius
473 1840 541 1911 patri
563 1847 608 1894 aut
629 1853 727 1894 seruus
748 1837 857 1893 domino
872 1854 967 1892 noxam
982 1840 1157 1911 commiserit,

200 1923 274 1979 nulla
290 1924 359 1978 actio
374 1924 508 1978 nascitur:
530 1921 604 1977 nulla
622 1923 691 1977 enirn
707 1923 816 1978 omnino
831 1922 902 1978 inter
916 1909 1002 1978 me⁸et
1017 1938 1096 1993 eum,
1112 1925 1158 1996 qui

200 2012 229 2062 in
243 2014 378 2080 potestate
393 2022 451 2061 mea
466 2014 522 2068 est,
545 2005 674 2078 obligatio
695 2005 768 2061 nasci
788 2015 893 2078 potest,
913 2006 1029 2078 ideoque
1049 2014 1077 2063 et
1092 2009 1158 2062 siin

131 2100 188 2149 218.
201 2091 311 2147 alienam
335 2083 339 2168 l
363 2097 526 2164 potestatem
547 2090 704 2161 peruenerit
725 2097 772 2143 aut
791 2090 833 2143 sui
855 2090 921 2143 iuris
943 2106 1004 2144 esse
1026 2093 1157 2163 coeperit,

199 2191 288 2246 neque
309 2190 369 2229 cum
389 2176 448 2246 ipso
468 2188 556 2244 neque
571 2188 631 2226 eum
647 2186 695 2240 eo,
716 2173 793 2226 cuius
808 2187 880 2228 nunc
899 2174 926 2227 in
946 2180 1082 2246 potestate
1105 2185 1157 2247 est,

201 2260 244 2330 agi
263 2265 365 2329 potest.
396 2254 465 2309 unde
487 2255 636 2327 quaeritur,
659 2255 682 2308 si
697 2253 800 2310 alienus
821 2258 918 2311 seruus
940 2254 1046 2312 liliusue
1060 2274 1157 2314 noxam

200 2340 364 2396 commiserit
379 2338 459 2413 mihi,
484 2344 511 2392 et
530 2339 552 2392 is
574 2346 670 2411 postea
685 2340 712 2393 in
727 2355 786 2394 mea
801 2355 861 2394 esse
876 2341 996 2413 coeperit
1010 2350 1155 2413 potestate,
1168 2360 1223 2413 {aaa}

191 2432 290 2480 -utrum
306 2421 448 2478 intercidat
464 2423 543 2493 actio,
559 2437 592 2476 an
608 2423 743 2495 quiescat:
766 2423 852 2478 nostri
868 2433 1059 2496 praeceptores
1075 2426 1159 2480 inter·

200 2505 290 2563 cidere
305 2514 415 2579 putant,
437 2507 498 2580 quia
512 2507 540 2561 in
555 2522 616 2562 eum
632 2522 722 2562 casnm
738 2505 852 2561 deducta
867 2508 919 2576 sit,
942 2508 970 2561 in
986 2524 1040 2580 quo
1055 2503 1159 2565 ἰἠίῑίο2

200 2592 348 2647 consistere
360 2606 414 2645 non
427 2592 557 2663 potuerit,
572 2591 697 2662 ideoque,
712 2590 776 2645 licet
788 2590 882 2645 exierit
896 2590 999 2646 demea
1011 2600 1158 2664 potestate,

201 2690 282 2749 agere
297 2691 339 2730 me
355 2691 409 2731 non
430 2691 526 2748 posse,
549 2674 672 2729 diuersae
692 2672 801 2729 scholae
820 2681 959 2738 auctores,
983 2676 1109 2747 quamdiu
1131 2678 1158 2732 in

200 2775 257 2814 mea
273 2766 408 2831 potestate
423 2760 469 2828 sit,
485 2759 622 2830 quiescere
636 2757 769 2814 actionem
782 2764 887 2829 putant,
903 2762 971 2827 quio
982 2760 1040 2832 ipse
1053 2776 1158 2815 mecum

272 2897 293 2963 ¹)
307 2900 431 2949 maleficiis
450 2899 535 2949 Instit.
554 2899 597 2948 llic
615 2906 641 2949 et
658 2900 742 2961 5112.
766 2899 813 2947 sed
828 2898 945 2947 maleficio
964 2899 1160 2949 cottidianum:

201 2973 233 3021 L.
247 2984 268 3022 4.
288 2971 320 3019 Ι).
335 2971 367 3019 de
381 2969 429 3020 obl.
444 2978 469 3019 et
482 2977 532 3019 act.
549 2969 594 3033 (44,
608 2968 639 3035 t).
697 2964 718 3034 ²)
733 2967 778 3016 an
795 2967 895 3017 Blultm.
915 2967 1021 3028 Seded„
1040 2969 1085 3018 ubi
1098 2979 1158 3020 onte

201 3049 314 3093 notatum
327 3040 361 3089 tio
374 3041 515 3089 secularium
529 3041 556 3088 V
556 3035 578 3072 θ*
585 3041 734 3102 corruptela
748 3040 894 3088 litterarum
907 3040 941 3088 ini
951 3041 1035 3103 fuisse
1047 3042 1157 3090 videtur.

203 3113 241 3176 Cf.
256 3113 292 3161 ad
305 3113 329 3173 5.
344 3123 364 3161 ε.
385 3110 406 3159 Ι.
422 3111 454 3160 de
472 3113 557 3160 inutil.
574 3112 634 3174 stip.
649 3108 685 3175 (a,
700 3109 738 3173 19)
757 3125 773 3158 o
789 3108 939 3160 Schradero
958 3111 1078 3175 ottepata.
1106 3110 1158 3161 Om.

201 3184 286 3232 instit.
302 3181 342 3230 ed.
356 3179 429 3232 Sauo.
449 3183 510 3231 actio
525 3189 601 3231 anteo
615 3180 746 3229 edebatur.

272 3300 296 3372 ξ.
312 3307 354 3355 76.
370 3326 403 3346 =
414 3320 458 3367 pr.
473 3305 496 3366 5.
511 3305 580 3366 nfin.
599 3303 621 3352 Ι.
637 3305 669 3353 de
683 3306 772 3354 noxol.
787 3311 837 3353 act.
853 3302 884 3367 (4,
899 3302 930 3367 8).
951 3303 989 3365 Cf.
1001 3304 1078 3353 Paul.
1093 3316 1114 3368 8,
1124 3318 1159 3357 al.

203 3377 227 3435 5.
242 3388 262 3426 a.
281 3389 362 3437 supra
377 3388 397 3435 1,
412 3386 458 3425 neo.
513 3369 539 3441 5.
554 3377 595 3426 ta.
612 3396 645 3415 =
660 3375 681 3435 5.
695 3386 715 3423 4.
735 3373 757 3426 I.
773 3374 806 3423 ib.
862 3370 887 3440 5.
903 3376 944 3423 ll.
960 3395 995 3415 =
1009 3376 1032 3437 5.
1047 3386 1068 3427 5.
1087 3375 1110 3425 I.
1126 3376 1159 3426 tt.

205 3443 243 3505 Of.
260 3443 335 3491 Paul.
351 3455 372 3503 s,
386 3456 419 3494 m.
439 3446 478 3505 55.
498 3456 517 3494 s.
536 3456 556 3494 s.
579 3444 656 3506 primo
675 3441 773 3511 comm]
791 3446 815 3505 5.
835 3456 881 3495 1co.
937 3440 962 3512 5.
984 3447 1025 3496 78.
1047 3446 1086 3509 Os.
1101 3449 1125 3508 5.
1141 3459 1159 3496 a.

202 3510 226 3560 I.
241 3510 272 3559 tt.
293 3510 325 3558 L.
341 3522 373 3561 18.
388 3524 422 3562 co.
442 3512 473 3561 D.
489 3514 520 3561 de
531 3513 597 3575 furt.
613 3513 658 3577 (aa,
673 3514 703 3577 a).
724 3514 755 3563 L.
769 3526 804 3565 ex.
823 3514 855 3563 D.
870 3514 902 3563 de
917 3518 1006 3565 noxal.
1019 3524 1071 3566 oct.
1081 3517 1113 3582 (s,
1128 3515 1159 3584 a).
