2609 3942
196 184 259 250 352
487 197 548 233 otu
566 197 663 237 rusum.
681 178 729 236 IV.
747 183 856 236 22-23.
896 240 899 241 ⁷

196 341 230 396 de
252 338 349 413 quibus
372 347 402 394 ut
422 341 460 394 lta
482 345 624 411 ageretur,
646 337 708 410 lege
728 329 844 409 ’aliquu¹
867 343 975 392 ouutum
995 343 1053 407 est,
1075 334 1155 392 uelut

196 423 305 480 iudicati
320 423 381 496 lege
395 438 443 479 111
459 421 622 478 tubulorum:
639 437 708 494 quae
723 423 794 477 antio
809 420 869 476 telis
887 427 953 478 eret.
982 420 1029 493 qul
1044 419 1154 492 egebat,

196 509 237 564 sio
260 505 378 563 dicebat:
405 522 489 572 oron
517 522 558 563 rr
579 521 650 562 unu
672 497 1154 563 1vnroerve’sm1r2neuuerve

196 608 234 651 ne
249 607 443 650 sesrnnrrvu
462 608 483 647 x
500 604 604 660 urm,
624 581 764 668 ’(ιιΑοη)
780 602 905 654 ovenoo
922 580 1078 646 ororerzrr3
1091 604 1156 647 nou

198 689 357 744 eonvrsm,
380 689 420 732 ou
441 690 506 731 uum
525 690 589 730 num
610 688 673 732 noo
694 689 760 730 uim
781 686 977 731 snsrunrtvu
998 689 1019 728 x
1040 688 1155 729 murvu

196 774 338 817 urnroerr
358 751 496 817 'uenirem⁴
511 772 619 828 uuoro,
642 765 670 813 et
685 755 765 812 simul
779 755 894 830 aliquem
911 763 1014 829 portem
1030 758 1154 829 eorporis

197 844 256 899 eius
276 841 438 916 prendebet3
460 857 511 899 neo
530 840 627 898 licebat
645 840 764 897 iudicato
779 856 886 896 menum
901 838 953 895 sibi
974 839 1111 914 depellere
1126 848 1155 896 et

197 942 248 999 pro
270 942 300 981 se
321 926 382 998 lege
404 941 500 998 egere,
522 934 565 981 set
587 925 720 981 uindioem
743 923 837 990 debut,
860 925 907 996 qui
928 940 980 997 pro
1001 940 1031 979 se
1045 940 1154 980 oausam

198 1024 280 1082 egere
298 1008 417 1065 solebat:
439 1002 520 1079 ’lot)⁶
540 1009 585 1082 qui
604 1008 737 1065 uindicem
753 1025 807 1064 uon
830 1005 923 1079 debut,
945 1007 1056 1063 domum
1071 1007 1154 1064 duoe-

197 1090 276 1147 lmtur
297 1090 329 1147 ab
350 1100 441 1148 uotore
463 1099 492 1148 et
513 1092 689 1151 uiueielmtur.
730 1087 780 1150 22.
801 1090 900 1147 Postea
922 1091 1052 1165 quaedam
1078 1090 1155 1166 leges
1170 1106 1225 1163 [mel

127 1190 184 1240 195,
197 1191 230 1230 ex
244 1174 302 1231 eliis
318 1174 475 1248 quibusdem
490 1176 578 1232 oeusis
594 1168 598 1252 l
614 1192 666 1249 pro
688 1175 804 1231 iudicato
825 1191 919 1231 monus
934 1175 1106 1232 iniectionem
1127 1178 1156 1232 in

199 1258 332 1333 quosdam
355 1258 502 1332 dederuut,
524 1261 595 1316 siout
613 1259 658 1315 lex
671 1258 786 1315 Publilia
799 1260 827 1315 in
842 1274 914 1328 eum,
933 1276 986 1332 pro
1001 1276 1057 1333 quo
1071 1276 1156 1333 spou-

198 1360 245 1399 sor
267 1343 455 1418 dependisset,
478 1345 550 1401 siin
570 1359 616 1400 sex
638 1343 775 1400 mensibus
795 1344 935 1416 proximis,
955 1359 1034 1416 quum
1053 1359 1104 1416 pro
1119 1358 1154 1400 eo

199 1427 347 1501 depensum
369 1437 455 1497 esset,
477 1445 531 1484 non
554 1427 683 1495 soluisset
704 1427 830 1500 sponsori
850 1428 1007 1501 pecuniem3
1030 1429 1096 1483 item
1110 1426 1155 1483 lex

200 1508 280 1565 Furia
300 1510 333 1567 de
353 1527 456 1583 sponsu
478 1511 608 1567 aduersus
631 1527 708 1578 eum,
731 1511 778 1583 qui
799 1526 814 1565 e
836 1526 970 1583 sponsore
991 1509 1053 1583 plus
1075 1526 1154 1584 quum

198 1594 305 1649 uirilem
319 1602 422 1666 purtem
437 1596 587 1669 exegisset,
609 1603 637 1651 et
652 1595 768 1666 denique
788 1593 933 1666 conplures
953 1592 1021 1650 eliae
1035 1594 1111 1668 leges
1125 1596 1154 1649 iu

200 1677 290 1733 multis
313 1679 400 1734 causis
429 1678 509 1734 talem
537 1680 670 1734 actionem
697 1678 838 1734 dederuut.
882 1674 930 1737 28.
958 1676 1014 1734 ’Set
1037 1686 1064 1734 et
1086 1677 1155 1733 eliae

200 1760 275 1834 leges
290 1763 318 1816 in
333 1761 425 1818 multis
440 1764 538 1833 oeusis,
559 1778 591 1818 ex
606 1762 704 1836 quibus
719 1761 802 1818 datae
817 1769 883 1819 sont
899 1753 1066 1841 (actiones),
1090 1778 1155 1819 oon·

200 1847 347 1902 stituerunt
362 1838 419 1924 (in)
437 1846 566 1920 quosdam
581 1838 722 1903 notiones⁶
735 1861 785 1919 per
799 1862 893 1902 monus
908 1845 1091 1918 iniectionem,
1106 1845 1155 1903 sed

272 1993 292 2063 ¹)
307 1996 352 2046 Em
363 1997 453 2047 Gdsed.
468 1998 508 2046 ed.
518 1992 579 2062 utilio
591 1993 700 2062 (equitia)
714 1997 741 2046 0.
755 1997 795 2046 ed.
810 1996 858 2062 Bp,
889 1994 963 2056 Quod
975 2003 1003 2046 nt
1014 1997 1087 2060 ferri
1096 2004 1155 2061 pot-

200 2074 238 2117 ent
256 2066 302 2133 (of.
319 2065 424 2118 ‘Gaius'
440 2083 468 2131 p.
483 2067 546 2128 114),
564 2074 647 2117 tamen
666 2068 735 2130 quod
751 2068 821 2126 dedi,
839 2082 908 2116 numo
926 2067 989 2116 milti
1006 2069 1086 2117 totius
1103 2070 1156 2119 loci

200 2140 269 2189 ratio
283 2139 385 2188 videtur
394 2139 552 2188 desiderare.
608 2133 629 2202 ²)
639 2138 692 2191 siue
703 2136 760 2186 edd.
772 2136 819 2203 Bp.
828 2147 849 2189 o.
859 2144 883 2187 et
889 2136 963 2186 stou.
1020 2134 1155 2204 ⁸)Soripsi

201 2208 358 2271 bimones.
375 2207 405 2256 lt.
424 2207 452 2256 G.
473 2207 564 2256 VIIII.
579 2220 608 2269 p.
627 2217 674 2258 oto.
702 2222 772 2265 evus
789 2222 860 2259 nono
880 2222 944 2257 uno
961 2209 1019 2258 edd.
1034 2223 1104 2267 orus
1121 2225 1155 2261 ao

200 2293 251 2328 noo
261 2293 295 2326 em
307 2277 419 2327 Momms.
431 2278 463 2339 oi.
476 2277 515 2325 ed.
523 2292 579 2326 meu
588 2288 608 2327 n.
624 2292 647 2340 q.
660 2277 705 2326 doe
717 2277 743 2327 0.
754 2299 788 2321 ι-
798 2279 905 2342 quundoc
916 2277 951 2344 (et
962 2280 1000 2329 ite
1010 2278 1084 2332 Stud.
1094 2280 1156 2346 ed),

201 2348 270 2412 quod
291 2349 351 2396 lieet
373 2361 408 2395 ex
427 2346 500 2396 Festo
515 2363 543 2410 p.
558 2357 606 2398 ton.
633 2347 740 2409 defendi
758 2364 835 2413 posse
858 2350 979 2399 videatur
1002 2350 1049 2416 (es.
1067 2350 1156 2417 Berplt

200 2417 282 2466 Beitr.
296 2432 318 2466 z.
333 2416 394 2465 Lat.
410 2416 519 2467 Gramm.
530 2434 558 2482 p.
573 2414 623 2483 to),
637 2419 757 2481 displicet
771 2426 854 2470 tomen
870 2421 898 2469 in
911 2420 961 2470 duo
976 2422 1085 2471 lectione
1095 2428 1157 2485 poet

201 2488 301 2537 initiale
314 2501 387 2545 oron
401 2488 517 2538 additum
530 2496 556 2539 et
564 2491 620 2539 sine
633 2491 736 2540 ratione
749 2492 878 2539 uariatum
886 2505 1000 2550 evenoo,
1015 2507 1063 2542 nee
1075 2492 1157 2542 Gaius

201 2561 228 2607 in
246 2560 311 2623 lepis
327 2558 474 2609 actionibus
490 2561 592 2611 omnino
610 2575 658 2610 neo
677 2563 704 2609 in
723 2562 781 2624 ipsa
798 2560 1021 2628 doooooe(4,1t)
1036 2563 1156 2612 nutabu-

200 2632 284 2678 lurum
293 2631 415 2694 loquendi
423 2645 494 2681 usum
503 2633 568 2681 mule
577 2631 724 2695 affeetuoite
737 2632 847 2695 denique
856 2632 884 2680 in
893 2632 943 2682 dae
953 2633 1042 2696 forma
1055 2634 1157 2683 dierum

200 2715 249 2750 m
273 2702 329 2751 sine
355 2703 482 2752 solutione
504 2704 743 2765 praeterlapsorum
766 2704 968 2753 commemoratio
995 2705 1077 2753 omitti
1103 2719 1156 2754 nom

197 2774 290 2836 potuit.
363 2769 385 2837 ⁴)
400 2771 445 2821 Eu
459 2772 540 2835 Hefft.
554 2774 594 2822 ed.
614 2786 697 2822 munus
713 2772 739 2825 0.
753 2771 811 2822 edd.
824 2772 972 2837 pleraeque.
990 2787 1083 2825 nuru
1097 2774 1156 2823 edd.

200 2842 248 2908 Bp.
258 2853 279 2895 t.
293 2850 319 2893 et
326 2841 400 2893 Stoa.
457 2841 477 2905 ⁵)
494 2843 650 2893 Gemimundo
661 2843 761 2892 addidi.
817 2839 838 2907 ⁶)
854 2843 1075 2907 Mutaoipaulum,
1090 2860 1157 2908 quae

196 2929 384 2979 proposueram
398 2913 522 2963 Zeitsodr.
540 2913 586 2962 XI
587 2912 618 2963 V.
629 2928 658 2976 p.
672 2924 719 2965 teo.
738 2920 775 2964 set
789 2913 848 2962 oliae
863 2914 927 2976 leges
942 2914 966 2963 in
980 2915 1061 2964 multis
1075 2916 1157 2965 oensis

201 2998 229 3034 ex
247 2985 342 3049 qbdom
361 2984 383 3032 si
400 2985 574 3033 constituerunt
591 2985 706 3048 quosdam
725 2984 831 3034 notiones
852 2984 878 3034 0.
904 2985 951 3034 Sed
966 2985 1026 3035 uliae
1041 2986 1107 3049 leges
1120 3001 1158 3036 eso

200 3055 350 3120 quibusdam
363 3056 451 3104 ooueis
459 3055 632 3104 constituerunt
644 3056 759 3119 quasdem
769 3056 876 3104 notiones
884 3055 934 3105 Kr.
945 3056 985 3107 ed.
995 3067 1015 3107 2.
1039 3054 1093 3107 Sed
1104 3072 1157 3107 nom

200 3124 405 3182 obliuiscendum,
420 3131 445 3174 et
461 3124 486 3175 0.
506 3124 566 3174 Ver.
581 3127 734 3188 scriptorem
748 3128 837 3190 potius
855 3127 992 3177 omittendo
1011 3142 1086 3192 quam
1099 3129 1158 3177 eine

200 3247 268 3299 Bait.
286 3247 349 3298 Geli.
364 3260 398 3309 m,
413 3260 446 3299 ιο.
472 3248 523 3297 Cio.
539 3247 575 3297 ad
587 3249 638 3298 dio.
653 3259 676 3310 e,
690 3259 711 3300 t.
730 3250 753 3309 i.
768 3260 788 3299 e.
813 3249 871 3299 hio.
886 3261 907 3311 o,
920 3260 956 3300 u.
1016 3245 1041 3317 5.
1056 3251 1099 3300 22.
1116 3249 1159 3313 Of.

200 3320 244 3367 iem
259 3319 448 3368 Lucerinorum
462 3320 488 3367 in
503 3318 608 3381 Epdem.
618 3318 749 3370 arodaeol.
769 3319 826 3369 Vol.
836 3318 904 3383 Hp.
916 3328 964 3371 nod.
978 3334 1022 3383 pro
1036 3317 1156 3391 iudicetp]

201 3388 235 3450 of.
255 3387 309 3449 ΜΡ.
324 3387 356 3436 L.
372 3400 391 3440 7.
411 3391 435 3450 ξ.
450 3400 483 3440 1³.
507 3389 539 3439 D.
555 3389 587 3438 de
597 3391 685 3452 pactis
699 3390 729 3455 (tt,
744 3390 780 3454 14)
795 3389 839 3439 obi
853 3391 1000 3455 tepentium:
1013 3405 1042 3440 ne
1057 3390 1159 3441 iudicati

200 3470 274 3517 prone
288 3457 391 3507 iudicato
406 3459 469 3508 velut
484 3459 581 3522 depensi
596 3473 689 3508 meeum
703 3467 793 3521 egetur.
817 3460 854 3508 lex
873 3458 951 3525 Publ]
966 3462 1001 3524 of.
1016 3473 1037 3525 t,
1052 3472 1099 3514 127·
1119 3462 1159 3512 lex

200 3522 268 3590 Fun]
288 3526 323 3588 of.
337 3537 358 3589 o,
373 3538 411 3577 121
424 3543 476 3592 seq.
526 3524 553 3595 ὅ.
567 3530 610 3579 23.
627 3529 666 3592 Of.
678 3530 767 3580 Plauti
776 3530 851 3583 Pers.
861 3543 882 3594 1,
892 3542 913 3594 r,
924 3543 1020 3584 ro-m.
1035 3532 1111 3582 odio.
1122 3545 1159 3585 re.
