2609 3942
220 230 285 296 310
506 242 567 279 neu
584 242 683 278 suanir.
700 222 749 279 111.
766 228 887 278 bt·-et.

220 382 286 459 952
301 429 307 441 .
324 425 332 442 .
350 386 355 451 Ι
373 378 407 440 ¹si
428 382 535 439 debitor
555 382 674 439 mulieris
689 382 766 436 iussu
780 381 853 448 eius,
876 379 939 435 dum
962 382 1043 437 modo
1058 387 1182 437 auctore

222 469 421 528 tutoreeidem
437 471 442 534 Ι
459 467 516 523 doti
531 466 603 523 licat
617 464 691 539 quod
706 463 794 520 debet.
823 464 891 519 alins
906 472 996 519 autem
1012 463 1133 537 obligari
1146 481 1181 521 eo

221 555 301 611 modo
317 556 323 620 Ι
339 569 393 607 uon
408 558 510 624 potest.
534 552 538 617 Ι
562 559 589 606 et
603 549 665 605 ideo
681 551 704 603 si
719 549 780 621 quis
795 547 865 604 alius
883 565 939 619 pro
954 550 1072 604 muliere
1087 549 1182 604 dotem

221 639 286 693 uiro
303 640 466 709 promittat,
490 633 635 694 oomtmuni
653 633 713 688 iure
735 631 853 704 obligari
872 633 995 701 debebit,
1023 634 1130 688 scilicet
1150 639 1183 688 ut

221 727 290 778 onte
304 722 458 792 stipuletur
471 717 609 785 nutritus.
651 710 703 775 96.
723 709 809 771 tuem
828 731 883 771 uno
902 715 1036 788 loquente
1054 721 1081 771 et
1095 719 1180 783 sinet

221 807 446 876 interrogatione
466 805 517 858 alii
533 803 715 872 promittente
734 799 916 855 contrabitur
935 800 1083 873 obligatio,
1104 803 1131 855 si
1146 801 1181 855 li·

221 888 320 944 bertus
333 893 457 956 patrono
469 892 519 942 aut
530 886 632 942 donum
644 890 695 940 aut
705 898 808 939 munus
819 889 871 939 aut
881 898 987 953 operas
998 898 1029 938 se
1043 884 1181 939 daturum

221 985 286 1028 esse
305 973 429 1038 iurauit,
453 974 480 1024 et
496 973 501 1037 Ι
518 970 541 1024 si
554 968 620 1024 haec
640 967 696 1023 sola
712 974 863 1037 causaest,
885 981 918 1021 er
939 982 991 1040 qna
1006 965 1179 1023 iureiurando

222 1052 392 1107 contrahitur
407 1055 411 1118 Ι
429 1050 569 1124 obligatio.
605 1067 670 1106 sane
691 1066 722 1104 er
743 1049 792 1105 alia
811 1050 884 1105 nulla
906 1066 985 1106 causa
1006 1050 1177 1106 iureiurando

155 1134 343 1190 lblboruines
360 1127 365 1213 Ι
382 1134 553 1208 obligantur,
575 1135 670 1207 utique
685 1149 745 1190 cum
766 1134 910 1208 quaeritur
924 1134 958 1190 de
973 1135 1031 1190 iure
1046 1134 1178 1191 Romano·

157 1199 175 1239 ι
188 1208 207 1239 “·
220 1234 291 1275 rum.
311 1235 373 1274 nam
385 1221 458 1292 apud
467 1218 627 1291 peregrinos
639 1216 703 1289 quid
714 1218 781 1273 iuris
792 1219 838 1289 sit,
848 1217 1017 1291 singularum
1029 1219 1176 1274 ciuitatium
1188 1233 1243 1286 [ess]

221 1303 280 1358 iura
295 1304 465 1376 requirentes
481 1301 553 1358 alind
569 1301 730 1374 intellegere
744 1294 920 1376 poterimus.³

283 1381 331 1442 97.
354 1386 381 1441 Sl
396 1386 434 1457 id,
450 1386 523 1460 quod
538 1385 594 1441 dari
610 1385 781 1460 stipulamur,
797 1386 849 1441 tale
865 1387 911 1457 sit,
927 1394 958 1441 nt
973 1384 1030 1441 dari
1044 1402 1100 1441 non
1114 1402 1177 1463 pos·

220 1470 271 1540 sit,
293 1469 397 1525 inutilis
420 1479 462 1525 est
484 1468 637 1543 stipulatio,
667 1469 744 1524 uelut
766 1470 789 1523 si
812 1470 873 1540 quis
894 1469 1030 1525 hominem
1052 1468 1175 1542 liberum,

220 1617 303 1667 dotem
320 1618 428 1668 dicerit.
464 1617 524 1667 Hae
542 1625 639 1668 tantum
657 1624 711 1666 tres
729 1632 859 1680 personae
877 1620 950 1668 nulla
971 1620 1176 1683 interrogatione

216 1689 390 1752 praecedente
403 1695 515 1752 possunt
527 1689 641 1738 dictione
660 1688 728 1738 dotis
747 1689 857 1753 legitime
877 1689 997 1753 obligari.
1025 1689 1102 1738 Aliae
1116 1704 1176 1740 uero

215 1774 345 1822 personae
362 1761 453 1823 cipro
472 1760 578 1808 muliere
597 1758 680 1808 dotem
698 1759 755 1808 uiro
770 1760 952 1822 promiserint,
976 1761 1101 1809 communi
1119 1762 1176 1808 iure

220 1828 333 1894 obligari
346 1830 445 1889 debent,
460 1831 488 1879 id
501 1835 547 1887 est,
562 1836 628 1878 utet
642 1825 841 1892 interrogata(e)
856 1830 1040 1891 respondeant,
1057 1836 1083 1878 et
1095 1832 1175 1892 stipu-

220 1901 276 1948 lata
284 1902 445 1965 promittant.
469 1902 493 1962 5.
503 1910 524 1949 4.
539 1898 603 1948 Item
616 1906 641 1948 et
655 1901 707 1948 alio
718 1914 789 1956 casu,
803 1914 854 1948 uno
869 1901 985 1963 loquente
997 1906 1022 1948 et
1030 1900 1087 1948 sine
1096 1901 1174 1948 inter·

219 1972 355 2035 rogatione
369 1972 417 2020 alii
426 1970 590 2032 promittente
604 1969 768 2018 contrabitur
782 1968 913 2033 obligatio,
928 1970 1015 2030 idest,
1030 1971 1055 2019 si
1068 1969 1175 2019 libertae

215 2047 330 2103 patrono
344 2047 390 2089 aut
403 2041 496 2089 donum
506 2046 650 2088 autmnnns
664 2045 710 2087 aut
723 2053 817 2101 operas
829 2053 856 2087 ee
866 2039 987 2088 daturum
996 2054 1051 2089 esse
1065 2042 1175 2089 iurauit:

219 2111 247 2159 in
261 2126 312 2173 quo
325 2125 355 2159 re
368 2107 516 2172 supradicti
533 2107 620 2156 liberti
634 2123 685 2157 non
704 2114 755 2157 tom
771 2108 905 2159 uerborum
918 2111 1083 2169 solennitate,
1102 2126 1176 2174 quom

219 2179 396 2228 iurisiurandi
413 2179 539 2241 religione
557 2179 711 2225 retinentur.
743 2177 796 2227 Sed
808 2181 880 2228 nulla
899 2181 983 2227 altera
998 2195 1115 2243 persona
1128 2181 1175 2230 ltoc

219 2250 311 2299 ordine
326 2248 438 2311 obligari
447 2243 552 2309 potest!
585 2245 718 2295 Firmatur
731 2247 779 2297 boc
792 2249 903 2314 singulis
917 2248 1009 2309 uerbis,
1024 2265 1089 2314 quae
1103 2250 1175 2301 sento

219 2319 247 2366 in
260 2317 310 2367 ltac
320 2333 349 2380 p.
364 2319 448 2380 legere
462 2318 550 2372 licuit,·
564 2332 623 2366 nam
637 2318 688 2366 iarn
702 2333 725 2366 u.
740 2329 760 2367 2.
774 2318 832 2382 fere
845 2326 954 2368 erceunte
968 2318 1092 2384 (perinde
1107 2322 1175 2369 utin

219 2388 279 2450 epit.
290 2397 311 2449 a,
320 2398 365 2448 9,9
379 2383 465 2450 initio)
479 2389 603 2450 apparuit
618 2424 624 2437 .
640 2425 646 2437 .
663 2425 669 2436 .
684 2386 754 2454 s(nnt
768 2403 830 2439 uero
845 2390 921 2438 etiam
934 2388 1007 2455 a)liae
1020 2390 1175 2451 obligationes

220 2496 226 2509 .
242 2492 248 2505 .
264 2492 270 2505 .
285 2456 378 2505 deiude
387 2472 410 2505 n.
421 2456 544 2506 irridetur
554 2460 679 2521 seriptum
690 2458 774 2519 fuisse
789 2495 795 2507 .
811 2495 817 2507 .
832 2458 908 2524 (olio)
922 2459 985 2508 nullo
1000 2461 1036 2509 sic
1050 2460 1175 2522 obligando

220 2563 226 2576 .
242 2563 248 2574 .
265 2561 271 2574 .
285 2527 360 2576 etad
371 2541 427 2584 res,
447 2543 512 2591 quae
528 2528 584 2578 doti
597 2529 652 2577 dici
661 2535 797 2591 poterant,
812 2531 972 2592 pertinuisse
985 2546 1008 2579 a.
1023 2542 1056 2581 lo.
1068 2567 1075 2579 .
1086 2567 1092 2578 .
1104 2568 1110 2579 .
1121 2545 1175 2579 cor·

218 2596 286 2660 pornl
305 2633 311 2646 .
331 2631 338 2645 .
357 2633 364 2646 .
402 2597 535 2648 Personas
552 2614 613 2649 uero
631 2599 700 2649 dotis
722 2599 836 2649 dictione
854 2599 1007 2665 obligandas
1024 2600 1176 2664 spectabant

219 2682 284 2731 qnae
297 2675 439 2731 sequuntur
453 2685 476 2717 a.
491 2681 590 2721 14-19:
608 2684 674 2733 quae
687 2668 821 2732 Epitomae
835 2683 882 2732 ope
895 2670 932 2718 ad
943 2684 1045 2719 sensum
1056 2673 1176 2733 suppleta

218 2738 241 2799 ἓ.
256 2739 305 2789 96⁸.
319 2739 347 2787 in
362 2746 508 2789 contextum
521 2741 639 2802 recipere
653 2753 733 2788 ausus
745 2754 808 2788 sum.
869 2734 890 2802 ¹)
904 2739 937 2788 In
950 2740 1000 2790 ltac
1014 2743 1037 2801 5.
1048 2743 1128 2803 prius
1140 2741 1177 2789 od

223 2807 251 2857 V
251 2803 272 2840 ἥ
290 2810 422 2859 lectionem
436 2811 500 2859 mire
518 2811 646 2859 diuersam
660 2811 780 2859 restituto
795 2824 863 2859 nunc
881 2825 947 2873 quoe
961 2812 1123 2860 conieceram
1135 2826 1176 2860 se·

218 2879 329 2929 cundum
342 2878 431 2943 Suppl.
446 2878 484 2929 St.
495 2896 523 2942 p.
538 2878 661 2928 XXXII
664 2882 741 2929 multo
750 2881 837 2942 aptius
847 2880 996 2942 reformari.
1052 2876 1073 2946 ²)
1088 2880 1176 2930 Etiam

218 2949 291 3008 ltaec,
305 2966 369 3013 quae
384 2956 445 3012 post
456 2950 568 3012 epatium
581 2965 690 2999 uacuum
704 2951 731 2999 in
751 2949 778 2998 V
778 2945 800 2982 ’ὓ
811 2958 963 3013 aequantur,
977 2957 1028 2999 tam
1037 2966 1134 3014 parum
1146 2952 1176 3000 in

218 3019 338 3082 Epitoua
355 3026 452 3069 mutata
470 3033 525 3069 esse
543 3026 665 3082 apparet,
684 3026 713 3068 ut
730 3021 825 3069 collata
843 3035 874 3069 ea
892 3036 949 3069 enm
972 3019 1000 3069 V
1000 3015 1021 3053 Ι*
1038 3028 1064 3070 et
1083 3020 1175 3084 Suppl.

217 3087 255 3138 St.
271 3095 349 3139 totam
362 3091 386 3150 §-
401 3089 437 3138 ad
453 3103 553 3139 sensum
571 3090 678 3152 relicere
697 3091 810 3139 licuerit.
840 3090 907 3139 Puto
925 3098 1008 3139 tamen
1024 3106 1076 3154 pro
1089 3094 1175 3155 spatio

218 3165 243 3208 et
255 3174 290 3208 eor
303 3165 384 3208 mente
400 3158 461 3208 Gaii
478 3166 538 3209 ante
557 3156 667 3208 ‘iurauit'
688 3160 833 3209 addendum
851 3173 906 3209 esee
921 3157 1056 3223 ‘conceptis
1070 3157 1175 3210 uerbis'.

219 3224 242 3294 θ)
260 3227 349 3278 Sidus
366 3230 481 3288 adnotat,
501 3231 528 3278 in
547 3229 574 3279 V
575 3226 596 3262 'l
608 3237 671 3294 post
687 3230 818 3293 poterimus
836 3231 952 3279 incertas
972 3232 1045 3295 sequi
1063 3230 1175 3290 umbras,

218 3313 283 3360 quae
297 3300 414 3348 velutad
428 3301 451 3348 in
466 3300 519 3348 aliis
532 3300 612 3349 ualere
627 3302 760 3349 lectionem
779 3300 908 3363 quadrent
920 3300 967 3349 sed
977 3301 1093 3363 fortasse
1106 3308 1175 3351 totae

215 3367 305 3428 fallar
317 3371 416 3430 speeies
429 3370 487 3418 sint.
520 3369 621 3419 Deinde
634 3371 751 3433 sequitur
766 3370 835 3418 linea
849 3385 939 3419 uacua.

288 3482 313 3553 ξ.
329 3490 371 3538 bt.
392 3489 430 3550 Cf.
445 3489 477 3538 L.
492 3501 513 3540 1.
527 3492 551 3551 ξ.
566 3503 587 3542 9.
606 3491 638 3540 D.
649 3492 681 3540 de
695 3490 743 3541 obl.
759 3498 784 3540 et
797 3498 847 3541 oet.
858 3494 903 3556 (44,
913 3489 945 3557 t).
965 3491 1036 3555 Epii.
1047 3504 1068 3555 9,
1082 3505 1103 3545 9.
1118 3494 1142 3556 §-
1152 3502 1175 3544 b.

217 3555 258 3618 §5-
273 3566 293 3604 1.
308 3567 328 3605 2.
347 3555 370 3606 Ι.
385 3557 417 3606 de
431 3558 494 3606 inat.
509 3561 567 3621 stip
584 3559 615 3625 (9,
630 3559 674 3625 19).
