2609 3942
563 579 704 654 GAII

379 713 580 780 osslovs
604 713 893 770 FRAGMENTA.

396 879 438 918 EX
458 877 563 919 LIBRIS
586 878 627 918 At>
649 878 696 918 ΧΗ
719 875 869 920 TABVLAS.

90 1042 146 1096 pos!
201 1032 226 1091 1.
257 1025 360 1102 1Γιλϊος
388 1023 405 1088 ὁ
433 1025 619 1109 νομομράφος
700 1034 790 1090 Gaius
807 1035 1033 1091 iurisconsultus
1048 1042 1116 1107 post

159 1112 230 1193 μετὰ
259 1112 315 1192 τὴν
342 1120 402 1173 eoin
428 1112 621 1219 ιιναιστολρων
657 1126 842 1190 quaestorum
864 1122 1064 1191 maqistratum
1081 1121 1117 1175 de

159 1198 214 1276 την
226 1192 455 1299 δεκανδριιιην
437 1196 532 1277 αρχην
548 1192 620 1256 ἆνα
657 1204 843 1259 decemuirali
874 1204 968 1259 verbis
1005 1202 1117 1259 Graece

160 1279 254 1360 φέρει,
262 1277 621 1382 ρημασιπροςερμηνειοιν
657 1286 994 1355 versisexplieatltisae:
987 1283 1115 1359 Maqnn

161 1364 285 1437 τούτοις
323 1370 431 1441 πολλῆς
454 1362 488 1423 δὲ
510 1362 619 1459 σνγχύ-
657 1374 752 1424 autem
798 1367 971 1438 confusione
1012 1370 1114 1442 lequm‚

161 1467 235 1522 σιως
262 1456 323 1507 τῶν
348 1447 514 1523 νόμων,ο
498 1440 548 1505 οἶα
580 1438 620 1523 μὴ
657 1454 763 1524 quippe
796 1466 871 1523 quae
898 1454 1027 1522 scriptae
1059 1470 1116 1510 non

160 1531 308 1635 γράμμασι
335 1527 529 1632 τεθειμένων,
559 1534 620 1601 τοῖς
658 1540 762 1605 essent,
784 1537 814 1590 in
834 1549 896 1605 rep.
917 1549 956 1591 ea
971 1536 1116 1593 discordia

161 1613 313 1724 πράγμασι
332 1611 490 1694 γινομένης
513 1612 546 1674 ἐκ
567 1622 620 1692 τῆς
657 1622 876 1692 maqistratuum
896 1620 1047 1693 plebisque
1071 1637 1117 1678 eo·

161 1710 223 1762 eoin
233 1697 387 1800 ἀρχόντων
396 1695 447 1757 nul
457 1705 511 1757 τοῦ
524 1696 621 1775 δήμου
658 1710 732 1772 ονλα,
746 1705 887 1759 communi
897 1710 1016 1759 senatus
1024 1722 1116 1776 popu·

161 1786 319 1863 διαφορας,
331 1777 454 1861 (loquum
468 1790 558 1864 κοινω
569 1788 621 1859 της
657 1789 734 1859 lique
761 1788 874 1858 placito
907 1801 1005 1843 omnes
1030 1792 1117 1862 maqi·

162 1871 271 1947 βουλῆς
282 1865 333 1926 παλ
344 1887 395 1925 τον
383 1865 509 1962 δήμου
511 1841 621 1937 πάντες
658 1876 770 1927 stratus
781 1870 888 1926 sublati
898 1872 1042 1927 ποσιτιον
1054 1880 1118 1927 tan·

163 1952 220 2031 μὲν
233 1952 264 2012 οἱ
276 1949 415 2049 ἄρχοντες
427 1943 621 2027 ἐκινήθησαν,
659 1961 718 2011 tum
728 1957 797 2010 viris
809 1969 882 2010 eura
894 1957 967 2026 reip.
981 1957 1118 2012 mandata

163 2033 235 2096 δέκα
256 2031 290 2094 δὲ
305 2029 406 2111 μόνοις
412 2028 598 2139 ἀνδράσι
566 2054 623 2110 την
659 2046 710 2095 est.
737 2041 795 2110 ipsi
808 2052 887 2109 uero,
902 2043 973 2095 teste
987 2038 1117 2110 historia,

163 2118 306 2200 φροντίδα
322 2126 375 2195 της
386 2116 532 2189 πολιτειας
546 2137 622 2198 παρ-
659 2123 788 2180 Atbenas
830 2125 943 2178 mittunt
983 2122 1118 2195 Spurium

88 2203 280 2273 [soon‘boouu.
307 2197 393 2263 αὐτοι
383 2199 441 2262 δὲ
456 2199 624 2262 στέλλουσιν
659 2208 843 2276 Postumium,
856 2207 959 2263 Aulum
972 2207 1118 2264 Marcium

164 2284 455 2389 (ἡλστορίαῳησλν)ε
442 2281 623 2392 εἷ’ςΑθήνας
661 2300 688 2349 et
709 2291 839 2348 Publium
862 2291 1027 2363 Sulpicium
1070 2296 1120 2366 qui

165 2367 319 2472 Σπούριρν
336 2369 541 2446 Ποστούμιον,
554 2364 620 2430 Ab·
658 2379 725 2433 dum
745 2377 786 2432 ibi
804 2391 861 2446 per
876 2379 1029 2434 triennium
1044 2394 1119 2435 com·

164 2461 217 2516 λον
240 2453 383 2533 Μάρκιον
402 2474 452 2512 και
443 2450 623 2512 Πούπλιον
658 2467 826 2523 morantur,
843 2461 935 2517 donee
950 2466 1035 2520 etiam
1051 2462 1118 2520 reli-

165 2539 357 2600 Σουλπίκιον.
379 2558 439 2596 των
455 2531 488 2595 δέ
502 2532 549 2596 ἐπὶ
561 2556 621 2614 τρι·
659 2556 733 2614 quas
747 2539 960 2599 Atheniensium
980 2548 1058 2619 leqes
1072 2546 1119 2601 de·

165 2619 330 2728 ετῆχρόνον
337 2613 624 2700 έκεῐβραδννόντοον,
660 2639 721 2681 eom
735 2624 839 2681 tabulis
854 2627 1007 2698 eolliqant‚
1023 2630 1120 2684 decem

165 2704 220 2779 ἕως
245 2704 296 2765 καὶ
324 2703 391 2775 τους
413 2700 622 2781 λειπομένους2
660 2712 736 2765 uiros
756 2710 885 2779 populus
913 2714 1024 2768 creauit
1047 2715 1118 2783 reip

239 2877 259 2944 ¹)
269 2878 307 2927 De
315 2879 367 2942 fide
375 2878 453 2927 tutas
463 2879 515 2931 loci
527 2876 622 2926 Gaioni
631 2891 683 2926 non
693 2882 795 2926 constat
803 2876 872 2924 inter
882 2876 971 2927 doctos
980 2879 1058 2927 viros.
1081 2878 1119 2941 Cf.

164 2949 279 3000 Dirksen
294 2949 379 2998 Verm.
389 2946 465 2997 Sobr.
471 2957 531 3011 pso
540 2962 592 3011 seq.
612 2947 681 2996 Mibi
690 2948 791 3011 quidem
796 2961 951 3009 persuasam
961 2955 1007 3010 est,
1018 2948 1121 3012 Lydum

164 3021 233 3071 bano
247 3021 330 3070 ioaam
344 3034 394 3069 non
409 3019 509 3083 quidem
523 3025 551 3067 ut
564 3020 674 3067 alterum
683 3018 715 3067 de
725 3016 904 3081 quaestoribus
918 3015 950 3083 (1,
965 3016 1010 3082 to),
1024 3019 1056 3068 de
1071 3034 1120 3083 quo

165 3093 217 3141 ium
230 3106 302 3141 nemo
316 3090 423 3149 dubitat,
438 3103 529 3139 errore
543 3094 641 3139 tontum
658 3087 722 3138 Gaio
737 3087 858 3137 tribuisse
873 3095 897 3137 et
910 3103 1004 3138 reoero
1018 3090 1122 3139 itemex

165 3161 198 3211 L.
213 3173 235 3212 ο.
254 3161 287 3209 D.
301 3160 333 3210 de
347 3162 414 3225 ortq.
429 3161 480 3208 iur.
495 3157 527 3225 (1,
541 3157 564 3225 ν)
578 3161 700 3209 sumsisse
704 3176 715 3216 ,·
725 3161 806 3223 plura
821 3160 887 3207 enim
900 3160 989 3208 etalio
999 3161 1120 3219 continet,

166 3246 242 3297 quam
253 3231 410 3294 Pomponius
424 3229 460 3279 ibi
470 3230 510 3292 ἐξ.
520 3241 541 3281 ο.
551 3242 572 3280 4.
583 3241 617 3282 24.
627 3231 725 3287 tractim
738 3230 785 3279 sed
798 3244 844 3278 nec
859 3228 1005 3279 adverbum
1015 3245 1050 3280 eu
1061 3229 1122 3280 Gaii

166 3302 243 3352 libris
256 3302 292 3351 od
304 3308 352 3349 ΧΠ
362 3300 412 3350 tob.
428 3303 606 3361 transtulisse,
625 3302 699 3351 immo
715 3300 772 3363 sort
773 3314 831 3349 asse
848 3299 896 3349 bos
909 3302 980 3363 ipsos
995 3301 1076 3351 libros
1089 3316 1121 3351 ne

166 3373 267 3438 quidem
281 3372 391 3426 vidisse‚·
412 3373 501 3421 insunt
513 3373 580 3421 enim
598 3373 731 3434 complura
749 3387 814 3436 quoe
830 3370 912 3420 Gaius
924 3371 973 3422 boo
987 3373 1061 3422 modo
1075 3374 1122 3422 oia

165 3444 274 3493 disserit
308 3442 397 3492 Potest
414 3444 503 3501 etiam,
527 3448 555 3490 ut
572 3456 607 3491 ex
627 3442 693 3492 Gaio
716 3447 814 3491 tantum
832 3442 928 3505 priora
947 3458 1026 3508 usqae
1045 3444 1121 3493 odo

165 3529 222 3578 παρ
225 3507 327 3565 boour
334 3513 474 3577 fluxerint
488 3527 553 3577 quoe
567 3519 719 3578 sequantur,
733 3528 768 3562 eoa
777 3513 838 3563 ains
849 3513 975 3565 historiae
983 3516 1121 3579 sumptori

165 3583 212 3634 bus
226 3589 335 3634 consata
347 3585 408 3634 sint.
465 3581 526 3648 ¹.)lt
540 3598 562 3632 e.
577 3598 642 3649 quos
656 3585 730 3635 initio
745 3586 921 3650 neqlexeront
