2609 3942
170 137 234 202 162
606 148 692 185 osve-

167 275 309 346 positione
326 273 407 327 tanta
417 270 618 341 perspicuitate
631 270 661 323 et
673 269 783 324 dicendi
795 269 973 338 simplicitate
990 287 1056 324 usus
1068 272 1119 337 est,

168 347 201 397 ut
213 341 388 395 Herodotum
399 340 442 392 ius
452 353 566 392 narrare
579 337 705 405 opinere:
724 352 797 404 quae
813 353 858 390 res
869 353 932 390 211111
938 337 1041 456 §rimis
1052 338 1119 392 tiro-

168 427 236 463 num
255 409 362 462 enimos
379 407 468 460 allicit
485 406 515 459 et
532 404 662 458 delectat.
696 403 777 468 Quod
793 420 861 459 vero
882 420 938 472 neg
960 406 1072 473 gentiae
1089 406 1120 459 in

169 474 336 545 quibusdam
358 474 501 527 incusatus
524 472 578 536 est,
601 471 706 539 partim
723 470 845 525 librariis
862 471 956 539 potius
972 472 1042 525 vitio
1059 488 1120 526 ver-

169 542 285 597 tendum
303 541 394 609 (velut
410 540 484 609 quod
503 538 578 592 haud
597 552 659 591 raro
682 540 779 592 contra
801 538 986 605 grammatica
1003 539 1038 592 de
1056 555 1119 592 con·

168 610 311 664 secutione
337 609 392 662 tem
416 623 495 661 orum
521 606 676 674 praecepta
699 621 830 674 peccasse
856 605 990 674 videtur),
1016 606 1121 674 partim

170 676 253 730 aliter
262 691 383 730 excusan
403 691 452 727 um
462 674 513 727 est.
536 672 608 725 Nam
620 688 782 740 persuasum
794 671 862 724 mihi
875 673 925 738 est,
937 688 994 726 non
1006 675 1120 727 cunctos

168 738 912 872 1111111111112111111111231
925 739 1121 861 dedidit?

169 878 238 931 cisse
256 849 336 929 velut
352 875 408 927 ista
424 873 483 926 fere
501 872 595 925 aetate
612 871 785 939 Polyaenum
808 874 1037 992 strategematum
1055 873 1120 926 scri·

188 945 279 997 torem
297 941 471 1009 compertum
488 939 634 1005 hebemus)
653 941 711 992 sive
729 939 806 1004 quod
822 941 882 1008 ipse
915 957 948 995 nc
960 941 1122 994 adsueverit

168 962 261 1064 facere
279 1007 405 1060 inlibris
423 1005 611 1076 singularibus
628 1005 665 1059 ad
683 1005 804 1059 edictum
823 1007 950 1073 edendis,
969 1009 1027 1061 sive
1045 1007 1121 1075 quod

169 1074 327 1129 diffidentia
348 1073 487 1140 quaedam
508 1073 538 1126 in
560 1075 619 1126 tem
640 1087 714 1126 novo
732 1073 914 1142 scriptionum
935 1089 1038 1143 genere
1056 1091 1121 1128 eum

169 1139 707 1277 1111111111113111111
717 1141 1121 1261 testemtested

170 1277 283 1330 demum
305 1249 460 1345 vulgasset,
482 1274 653 1328 mentionem
675 1275 853 1351 imperatoris
869 1274 1003 1328 Antonini
1021 1283 1045 1340 1,
1065 1282 1121 1330 102,

170 1345 306 1412 tanquam
318 1342 377 1396 vivi
388 1341 515 1395 habitam
526 1356 582 1395 non
614 1343 706 1395 oterat
716 1359 745 1394 1n
758 1342 815 1395 divi
827 1343 1122 1396 commemorationem

170 1427 226 1464 non
248 1410 367 1463 mutare.
402 1407 537 1462 Similiter
558 1358 694 1462 1111122112
716 1408 751 1462 12
774 1408 894 1462 seeundo
921 1410 1121 1464 commentario

169 1478 277 1532 ratione
296 1475 388 1542 tertii,
411 1475 441 1528 in
463 1490 518 1541 quo
536 1480 559 1540 1,
578 1481 634 1530 100.
658 1476 719 1541 ipse
741 1475 878 1530 rationem
899 1475 997 1543 placiti
1018 1476 1122 1543 reddit,

190 1544 296 1604 1212,
319 1549 377 1596 232.
399 1558 456 1595 non
477 1542 601 1610 pretiosa
621 1543 730 1596 ratione
753 1542 897 1609 receptum
920 1557 981 1595 esse
1004 1542 1122 1599 dixerat.

170 1561 266 1664 11112111
283 1609 319 1664 de
336 1609 507 1677 usucapione
524 1625 576 1679 pro
592 1609 696 1663 herede
715 1626 764 1664 suo
787 1611 816 1663 et
832 1610 988 1666 necessario
1011 1610 1057 1663 vel
1074 1627 1122 1664 ne-

172 1676 293 1732 cessario
310 1676 414 1731 herede
433 1678 560 1745 extante,
583 1678 761 1731 controversa
777 1693 843 1730 sane
860 1675 993 1742 materia,
1012 1676 1123 1731 diversa

171 1744 257 1798 tradit
278 1751 308 1810 2,
327 1750 368 1800 58.
392 1745 422 1798 et
439 1751 467 1809 3,
486 1750 559 1811 201,
583 1745 616 1798 111
636 1744 736 1812 postea
757 1745 895 1797 rationem
917 1743 1016 1796 traditi
1036 1744 1066 1797 in
1089 1759 1121 1798 eo

170 1813 244 1866 mele
262 1813 387 1880 posuisse
400 1811 537 1877 videatur,
576 1815 630 1864 uod
646 1810 802 1863 necessario
816 1810 931 1863 extante
942 1810 1013 1861 nihil
1025 1814 1123 1864 contre

171 1879 347 1933 voluntatem
363 1879 507 1932 testatoris
525 1894 559 1932 ex
591 1875 851 1950 ereditatedetrahi
863 1875 972 1941 debeat,
990 1875 1122 1945 idemque

170 1945 228 2000 1212
251 1946 326 1999 cadit
348 1945 377 1998 in
399 1944 548 2023 cognatam
571 1943 788 1995 controversiam
806 1940 841 1993 de
859 1941 889 1994 in
913 1941 975 1995 iure
998 1945 1122 1998 cessione

170 2013 336 2067 hereditatis
354 2011 505 2073 2111111122,
524 2015 564 2062 37.
583 2009 653 2070 213,
672 2012 713 2061 87.
748 2005 855 2061 Deinde
878 2007 963 2062 etiam
985 2011 1122 2077 quasdam

171 2080 319 2143 materias,
342 2075 471 2130 velutin
492 2074 553 2127 iure
575 2074 729 2127 cessionem
749 2073 914 2128 hereditatis
936 2077 966 2130 et
987 2078 1123 2132 bonorum

171 2146 389 2215 possessionem,
415 2155 487 2208 quae
514 2141 573 2194 sine
595 2156 626 2195 re
648 2139 732 2193 datur
754 2139 842 2207 (illem
864 2148 892 2208 2,
915 2149 1023 2198 31-37.
1047 2147 1121 2210 213,

171 2213 291 2266 111-87.1
310 2211 417 2272 1121122,
438 2214 504 2261 151⁸.
517 2209 547 2261 et
558 2214 582 2272 3,
595 2212 715 2272 35-37),
733 2207 776 2261 bis
794 2209 823 2262 et
834 2210 944 2263 tantum
956 2225 1012 2263 uon
1023 2211 1122 2265 iisdem

172 2277 266 2332 verbis
284 2275 343 2330 sine
362 2274 447 2327 dnbio
464 2289 520 2328 non
538 2273 724 2342 explicuisset,
742 2274 792 2329 sed
808 2291 876 2340 rem,
893 2279 927 2330 ut
943 2277 1013 2331 alias
1029 2278 1122 2332 facere

172 2344 258 2410 solet,
292 2341 461 2396 remittendo
486 2341 622 2395 lectorem
648 2342 827 2410 expediisset,
856 2343 911 2396 nisi
936 2360 1000 2397 cum
1046 2347 1124 2398 ostea

172 2410 265 2480 aptius
281 2410 354 2463 hanc
370 2408 519 2463 materiem
536 2408 566 2461 in
578 2423 679 2464 comm.
691 2409 741 2463 III.
758 2410 847 2463 tradit
856 2362 1048 2478 intellexisse}
1066 2411 1178 2482 12111191]

172 2477 302 2531 manibus
329 2476 440 2553 elapsus
466 2476 539 2530 esset
564 2491 665 2530 comm.
688 2476 736 2543 IL,
763 2478 795 2530 ut
816 2477 954 2547 corrigere
977 2494 1042 2532 eum
1068 2495 1123 2532 non

194 2545 276 2598 osset.
311 2543 438 2611 Demque
457 2548 540 2608 3116.
559 2560 618 2598 rem
637 2551 660 2610 1,
678 2549 719 2602 22.
738 2545 892 2612 expositam
909 2544 968 2598 tem
984 2545 1050 2611 late,
1067 2545 1124 2600 imo

172 2563 258 2666 fotius
275 2611 393 2678 repetit,
416 2627 501 2678 quam
522 2626 578 2665 non
596 2612 709 2680 poterat
729 2611 771 2665 ite
791 2611 927 2678 scribens,
949 2614 982 2665 ut
1001 2612 1090 2666 lector
1107 2628 1125 2666 a

173 2773 198 2821 11
213 2772 313 2820 formam
327 2770 414 2819 indicis
428 2767 548 2820 redactas'
559 2770 632 2821 multa
646 2786 701 2820 cnm
715 2778 765 2820 arte
775 2771 879 2820 coniecit
888 2771 1044 2832 Boeclsiugius
1054 2785 1125 2820 suue-

172 2857 218 2907 que
234 2842 285 2892 Gaii
305 2841 404 2890 editioni
423 2842 453 2891 ad
472 2841 561 2890 calcem
576 2841 671 2890 adiecit.
724 2839 743 2905 ¹)
759 2841 820 2890 Saue
834 2856 911 2904 nuper
919 2841 1071 2890 Pelenaarins
1086 2842 1124 2891 ed.

173 2928 229 2963 2112
244 2929 267 2978 p.
282 2924 330 2964 113.
346 2913 388 2961 has
403 2914 442 2974 ἐξ.
456 2918 483 2961 11
497 2912 590 2974 spurias
605 2912 689 2971 eiecit,
708 2911 808 2960 maxime
823 2923 844 2969 1,
858 2923 891 2962 98.
907 2919 1044 2972 argumento
1059 2927 1124 2961 usus.

173 2985 219 3034 Sed
235 2992 259 3033 ut
273 2983 375 3034 cessicia
390 2983 462 3031 tutela
476 2996 523 3030 non
537 2987 628 3030 tantum
643 2997 683 3027 sm
701 2982 806 3044 speciem
821 2982 939 3043 legitimae
954 2983 1041 3031 tutelae
1054 2983 1125 3039 cadit,

173 3056 215 3104 sed
230 3056 301 3105 etiam
315 3060 341 3103 ut
354 3053 451 3115 propria
465 3051 552 3100 tutelae
567 3052 675 3115 species,
690 3066 749 3115 quae
764 3053 873 3101 cessione
887 3052 1000 3111 delentur,
1015 3053 1127 3102 couside-

173 3126 221 3175 rari
235 3131 322 3189 potest,
342 3123 373 3173 ita
389 3123 459 3171 etiam
474 3122 503 3171 12
518 3122 542 3170 11
556 3122 607 3170 iure
626 3123 734 3170 cessione
748 3122 887 3171 hereditatis
902 3123 1060 3173 diversimode
1074 3129 1127 3187 pot·

174 3203 211 3244 est
224 3195 333 3245 indicari.
361 3194 403 3242 Ille
417 3194 469 3257 ipse
483 3207 539 3241 vcro
554 3193 653 3241 secundi
667 3192 721 3241 libri
735 3192 802 3241 locus
818 3193 889 3241 etiam
904 3193 1035 3243 evidentius
1050 3194 1128 3256 arguit

174 3265 211 3324 id,
230 3266 293 3327 quod
307 3264 336 3313 de
350 3265 443 3313 ratione
461 3264 523 3312 inter
541 3277 595 3312 eum
613 3263 751 3312 2112111111
769 3262 855 3311 librum
873 3264 1035 3313 intercedente
1055 3279 1127 3328 supra

173 3335 307 3383 statuimus.
336 3335 471 3398 Quanquam
487 3333 558 3383 Gaius
572 3334 642 3382 nimis
658 3333 770 3382 molestos
784 3340 839 3397 post
852 3345 874 3395 1,
884 3345 917 3384 28.
936 3335 1019 3384 mutati
1034 3335 1128 3384 consilii

174 3405 354 3495 obtrectatores,
362 3418 390 3452 eo
405 3405 476 3453 etiam
490 3405 592 3454 12111212
602 3411 703 3469 peterat,
718 3403 780 3468 quod
790 3404 899 3453 cessione
909 3419 1003 3469 qnoque
1015 3402 1129 3455 ‘heredes

172 3474 245 3525 alicui
260 3475 364 3523 1111112.
