2609 3942
442 209 504 246 nau
523 210 621 245 naemu.
638 192 661 247 Ι.
679 199 786 247 ot-oe.
1038 194 1097 258 197

138 346 299 422 quibusdam
310 350 462 423 peregrinis
473 347 737 405 'ciuitatibusdatum
744 357 785 404 est
793 349 856 404 uela
868 349 1099 423 populoliomauo

137 430 182 487 uel
194 448 208 487 a
219 439 314 487 senatu
326 432 372 488 uel
381 449 395 487 a
404 431 517 488 Caesare
530 462 565 472 -
578 461 619 472 -
630 462 671 471 -
684 462 723 471 -
736 439 784 487 aut
794 434 879 487 maius
890 434 1041 490 estLatium
1052 442 1099 491 aut

138 515 243 587 minus3
257 516 343 571 maius
354 523 397 572 est
403 515 518 587 Latium,
530 532 591 571 eum
603 515 682 585 ethi,
696 516 742 587 qui
749 515 907 571 decuriones
919 516 1056 589 leguntur,
1070 525 1098 574 et

138 600 173 663 ei,
191 600 238 672 qui
248 599 380 655 honorem
392 599 509 671 aliquem
526 592 586 654 aut¹
600 593 603 675 l
617 600 802 671 magistratum
822 595 945 672 gerunt,²
959 601 1096 656 ciuitatem
1107 597 1149 647 2⁶·

138 681 283 738 Romanam
294 690 490 751 oenseountur3
506 684 593 738 minus
606 674 732 737 Latium³
747 690 799 753 est,
814 698 875 737 eum
887 681 915 736 hi
927 689 1041 753 tantum,
1053 684 1098 755 qui

138 765 185 821 uel
209 767 397 838 magistratum
414 766 462 823 uel
480 766 612 821 honorem
629 772 737 837 gerunt,
754 765 788 819 ad
803 766 939 821 ciuitatem
954 765 1099 821 Romanam

137 850 310 922 perueniunt.
329 850 411 923 idque
422 849 597 923 conpluribus
609 848 732 922 epistulis
743 842 910 922 principum4
920 847 1098 923 significatur.

202 928 248 988 97.
271 934 339 989 Non
361 936 451 990 solum
472 940 566 990 tamen
590 934 744 989 naturales
767 933 853 989 liberi
876 935 1033 989 secandam
1053 949 1099 1004 ea,

139 1031 216 1087 quae
236 1015 363 1086 diximus,
385 1018 413 1073 in
435 1023 571 1090 potestate
586 1025 680 1073 nostra
701 1025 778 1083 sunt,
802 1033 896 1072 uerum
918 1025 947 1073 et
968 1017 1007 1088 hi,
1029 1033 1098 1089 quos

139 1100 309 1173 adoptamus.
352 1095 403 1157 98.
426 1100 544 1173 Adoptio
565 1109 656 1157 autem
677 1099 783 1156 duobus
805 1100 892 1156 modis
915 1099 956 1172 lit,
981 1107 1027 1155 aut
1049 1117 1098 1173 po-

138 1183 196 1256 puli
221 1186 396 1251 auctoritate,
426 1193 472 1241 aut
500 1184 611 1257 imperio
633 1185 824 1257 magistratus,
853 1183 931 1239 uelut
955 1186 1099 1256 praetoris.

138 1262 187 1323 99.
210 1266 306 1340 Populi
328 1269 490 1326 auctoritate
517 1267 675 1341 adoptamus
698 1284 762 1340 eos,
791 1269 836 1340 qui
863 1269 906 1321 sui
932 1268 998 1321 iuris
1021 1274 1099 1322 suut:

71 1364 128 1419 {aaa}
143 1368 217 1424 quae
239 1353 344 1424 speeies
366 1351 519 1425 adoptionis
547 1351 645 1407 dieitur
673 1350 830 1423 adrogatio,
859 1352 921 1423 quia
943 1358 971 1405 et
992 1351 1031 1421 is,
1054 1351 1100 1423 qui

142 1434 262 1507 adoptat,
278 1443 402 1507 rogatur,
422 1434 449 1489 id
464 1443 506 1491 est
521 1437 717 1508 interrogatur,
737 1451 769 1489 au
784 1434 851 1489 uelit
867 1450 938 1504 eum,
959 1450 1038 1506 quem
1054 1433 1099 1487 ad·

141 1525 284 1590 optaturus
301 1519 346 1588 sit,
361 1520 460 1573 iustum
473 1516 556 1573 lilium
569 1534 644 1574 ease:
660 1526 688 1574 et
699 1520 732 1588 ls,
749 1519 794 1591 qui
806 1517 958 1590 adoptatur,
974 1525 1096 1591 rogatur,

142 1615 176 1654 an
198 1599 226 1653 id
248 1599 306 1654 lieri
328 1601 463 1671 patiatur3
485 1608 514 1655 et
534 1600 651 1673 populus
674 1610 799 1673 rogatur,
821 1618 853 1656 au
875 1601 902 1655 id
924 1599 982 1656 lieri
997 1600 1098 1656 iubeat.

141 1682 256 1754 imperio
268 1682 443 1753 magistratus
455 1681 613 1752 adoptamus
625 1699 684 1752 eos,
701 1685 746 1754 qui
756 1685 784 1737 in
799 1691 936 1755 potestate
950 1685 1100 1754 parentium

217 1792 236 1860 ¹)
256 1795 344 1845 Totum
361 1795 410 1844 liae
430 1796 628 1857 srrppIenentum
646 1794 752 1843 debetur
775 1791 826 1843 W.
859 1794 891 1843 In
910 1797 1017 1855 laeana,
1037 1811 1101 1860 qaae

141 1874 235 1925 restat,
254 1865 380 1914 Studeas
399 1865 465 1913 niltil
479 1871 586 1927 praeter
601 1867 760 1928 particulam
778 1866 891 1927 aliquam
909 1868 1010 1927 perisse
1024 1872 1102 1929 putat

140 1940 209 1987 uelat
225 1932 301 1986 ‘Set'.
329 1936 388 1985 Cant
403 1950 464 1985 aero
479 1934 604 1983 librariae
617 1936 728 1999 epatium
742 1935 793 1994 laia,
807 1937 832 1984 ei
845 1937 954 1993 omnino,
969 1943 1038 1985 certe
1051 1951 1102 1986 nan

140 2010 223 2057 maius
237 2022 313 2072 quam
327 2005 399 2055 aerii
410 2006 500 2070 gratia
511 2022 533 2054 a.
544 2016 577 2055 10.
588 2008 724 2069 reliquisse
729 2006 863 2068 putandus
872 2007 914 2064 sii,
929 2008 1027 2055 malim:
1042 2003 1102 2055 ‘ali-

140 2077 213 2143 q(ua)
229 2074 361 2126 aeterum’.
391 2076 480 2125 Palen.
496 2077 613 2138 suppleri
630 2078 698 2124 uult:
715 2075 894 2141 dicit(nr)q(ue)
910 2077 985 2125 maius
1000 2077 1100 2128 Latium.

141 2146 228 2214 u(am).
256 2146 329 2196 stud.
345 2148 372 2195 in
387 2148 443 2195 ed:
457 2146 527 2194 huius
541 2153 619 2194 autem
634 2147 694 2195 iuris
709 2147 767 2195 duae
782 2147 877 2209 speeies
891 2154 958 2195 sunt:
973 2162 1034 2196 uam.
1063 2147 1102 2196 De

36 2248 54 2269 ,ς
140 2234 170 2268 re
184 2225 332 2267 notaveram
346 2217 403 2266 edd.
420 2228 439 2265 ι.
455 2227 488 2265 tt:
508 2215 597 2265 Maius
610 2217 715 2266 Latium
732 2217 788 2267 diei
802 2220 886 2279 eoepit
899 2219 941 2267 iae
954 2217 1028 2266 Latii
1042 2219 1102 2267 inde

141 2303 158 2338 a
173 2288 341 2351 Vespasiano.
357 2288 471 2349 primum
480 2285 633 2348 Hispaniae,
644 2290 682 2335 ita
692 2288 786 2346 datum,
799 2294 828 2336 at
836 2289 884 2336 dae
895 2289 1012 2337 civitates
1021 2291 1102 2354 magis

60 2380 64 2388 ’
136 2360 231 2422 populi
241 2356 311 2408 Ram.
323 2358 471 2420 munieipia,
486 2358 547 2406 lieet
556 2359 649 2407 ciuium
658 2358 820 2422 Latinarum,
834 2374 909 2422 quam
924 2361 1102 2423 etantiquitus

140 2429 258 2479 ltoaiure
272 2423 576 2493 denominamur
590 2429 643 2488 §a
659 2440 680 2490 a,
694 2439 716 2479 a.
730 2430 784 2490 §.a
799 2439 820 2490 a,
833 2441 855 2478 4.
870 2430 925 2490 §.a
939 2440 1007 2491 aaa.
1022 2428 1101 2493 §.aad

141 2500 259 2549 coloniae
273 2497 386 2546 Latinae
400 2495 492 2563 (supra
507 2499 530 2558 §-
541 2508 574 2547 ιι.
589 2497 659 2547 Suet.
676 2498 745 2547 Caes.
757 2510 778 2549 a.
793 2498 890 2548 Aaron.
905 2501 932 2547 in
944 2500 997 2549 Cia.
1012 2500 1102 2549 Pison.

141 2571 198 2618 init.
213 2569 264 2618 Dio
278 2580 313 2630 aa,
328 2567 365 2631 aa)
379 2581 441 2625 esse,
456 2568 563 2631 ideaque
581 2565 628 2631 (es.
644 2565 749 2616 ‘Gaius'
761 2566 948 2633 p.t—1o)qui
965 2572 1102 2634 magistra·

141 2648 194 2689 turn
208 2638 245 2687 idi
255 2645 386 2704 gererent,
401 2638 433 2686 de
451 2639 507 2701 ipso
517 2639 615 2700 populo
630 2636 701 2686 Ram.
717 2636 778 2686 bene
792 2652 889 2685 merere
903 2640 1061 2696 viderentur,
1076 2645 1105 2686 at

142 2712 194 2758 iarn
208 2711 283 2773 quasi
296 2710 427 2757 radicitus
445 2715 470 2757 et
488 2715 609 2771 tanquam
623 2709 687 2756 iusti
699 2714 724 2756 et
738 2708 844 2771 legitimi
858 2708 926 2756 aives
941 2708 1011 2758 Rom.
1027 2708 1102 2774 (Leg.

142 2779 211 2829 Aail.
226 2786 305 2842 repet.
326 2795 348 2828 e.
362 2779 394 2828 de
415 2778 518 2828 civitate
537 2777 640 2834 danda5
659 2777 691 2826 L·
706 2789 740 2828 aa·
759 2777 792 2824 D.
807 2776 838 2825 de
858 2778 915 2825 iure
931 2779 990 2839 fisci
1008 2791 1043 2840 aa,
1058 2776 1102 2842 14),

144 2851 189 2914 qui
202 2849 285 2898 triam
298 2855 323 2897 et
337 2849 405 2897 iuris
417 2848 543 2897 danorum
558 2846 653 2897 Romae
667 2849 813 2911 participer
828 2847 933 2908 fierent,
952 2849 1028 2896 etiarn
1047 2863 1104 2896 eum

139 2919 295 2983 parentibus
313 2926 338 2967 et
356 2918 445 2967 liberis
468 2926 493 2967 et
511 2932 594 2967 uacare
612 2920 640 2966 in
661 2920 789 2967 ciuitatem
806 2918 931 2967 uenirent.
970 2917 1008 2980 Cf.
1027 2919 1104 2965 etiam

146 2989 209 3039 aeti.
225 3001 258 3049 aa,
273 3000 306 3040 ιε.
328 3016 359 3024 -
374 2987 428 3038 Sed
441 2990 491 3037 iam
505 2994 572 3037 totus
586 2987 629 3037 laia
643 2989 675 3037 de
689 2988 763 3037 Latii
777 2989 834 3036 iare
844 2989 916 3036 laeua
926 3001 990 3036 noae
1005 2986 1104 3050 indiget

144 3067 267 3109 tractata.
341 3054 362 3123 ²)
386 3058 550 3107 Verisimile
568 3065 618 3120 est,
642 3058 778 3107 librarium
796 3057 839 3106 irie
857 3059 985 3121 integrum
1003 3070 1104 3104 aereum

144 3131 258 3181 omisisse
267 3129 344 3177 liuius
353 3130 508 3178 sententiae:
521 3142 565 3176 uae
576 3129 622 3190 ipsi
637 3129 714 3177 solum
724 3129 766 3177 sed
777 3129 848 3176 etiam
862 3128 932 3176 liberi
946 3135 970 3175 et
984 3133 1102 3189 parentes.
1144 3146 1147 3160 ·

146 3196 167 3266 ⁶)
188 3197 233 3248 W
245 3200 318 3248 latum
332 3199 389 3248 edd.
401 3205 509 3263 praeter
523 3213 591 3248 meas
605 3211 624 3248 1.
640 3210 660 3248 a.
719 3195 739 3262 ⁴)
755 3199 791 3246 ad
799 3198 936 3261 praesides
946 3204 1013 3260 pata
1026 3197 1103 3247 datia.

144 3297 178 3307 -
192 3269 307 3334 Sequens
320 3285 343 3318 a.
357 3281 377 3320 tt.
397 3270 519 3319 rubricae
533 3276 630 3318 tantam
644 3269 746 3317 uidetur
760 3269 903 3318 destinatus
915 3269 1005 3330 fuisse.

216 3388 242 3459 §-
257 3394 299 3442 ot.
311 3388 395 3455 apr.
410 3391 432 3443 Ι.
446 3393 480 3441 de
493 3392 579 3455 adopt.
595 3390 681 3457 (1,11).
708 3390 746 3454 Cf.
765 3391 821 3454 Uip.
836 3402 858 3453 a,
872 3403 892 3441 1.
947 3386 991 3459 55.
1006 3392 1049 3442 98.
1060 3392 1103 3442 99.

144 3485 179 3504 =
194 3462 226 3511 L.
241 3474 307 3525 apr.
318 3462 350 3511 D.
362 3463 394 3511 de
408 3463 493 3525 adopt.
509 3460 543 3527 (1,
556 3462 588 3527 a).
608 3464 631 3523 ξ.
642 3474 663 3512 1.
678 3461 701 3510 I.
715 3462 771 3510 eod.
787 3460 872 3528 (1,11).
899 3461 938 3525 Cf.
955 3462 1073 3525 Uzaae.
1083 3473 1103 3512 a.

146 3533 210 3583 Geli.
225 3543 247 3594 5,
262 3543 294 3583 19.
325 3532 378 3582 Cia.
389 3547 441 3595 pro
456 3534 529 3582 domo
543 3543 578 3593 aa,
592 3544 626 3583 aa.
