2609 3942
486 228 544 263 aen
561 229 653 263 rusnrn.
673 210 720 264 IV.
741 215 853 264 14-15.
1081 206 1144 271 347

197 366 287 415 certae
302 356 418 412 creditae
433 357 563 430 pecuniae
578 365 692 429 propter
706 358 895 429 sponsionem,
911 374 963 429 qua
978 357 1147 431 periclitatur

196 457 270 512 reus,
292 442 315 496 si
329 447 431 496 temere
446 447 542 511 neget,
566 437 614 513 (et)
635 439 883 512 restipulationem,
906 456 958 512 qua
979 441 1146 513 periclitatur

197 531 288 593 actor,
308 525 331 578 si
351 539 406 580 uon
427 521 546 578 debitum
565 531 656 597 petat:
679 538 740 578 nam
762 524 808 596 qui
823 524 913 579 uictus
928 532 1000 591 erat,
1017 539 1145 579 summam

197 609 356 664 sacramenti
377 605 530 680 praestabat
545 622 647 680 poenae
662 607 787 675 nomine;
811 621 895 678 eaque
910 607 938 661 ln
953 604 1089 679 publicum
1104 624 1147 664 ce·

195 690 277 748 debat
290 690 459 764 praedesque
479 707 511 746 eo
532 691 640 747 nomine
655 693 778 764 praetori
791 688 937 760 dabantur,
958 706 1013 745 non
1032 698 1063 745 ut
1077 704 1147 746 nunc

196 776 352 849 sponsionis
367 783 395 830 et
410 775 625 848 restipulationis
639 789 727 848 poena
738 773 817 829 lucro
834 773 905 829 cedit
917 771 1086 843 aduersario,
1103 776 1148 846 qui

124 868 186 917 [26⁶]
198 861 303 917 uicerit.
354 855 400 916 14.
423 857 512 913 Poena
534 867 624 914 autem
645 859 805 914 sacramenti
827 863 873 914 aut
895 858 1069 931 quingenario
1091 865 1149 913 erat

196 951 242 999 aut
264 943 507 1017 quinquagenaria:
530 958 591 997 nam
613 941 646 997 de
668 939 750 997 rebus
772 941 834 997 mile
849 942 918 998 aeris
932 941 1055 1015 plurisue
1070 943 1148 1014 quiu-

196 1028 286 1100 geutis
308 1025 423 1095 assibus,
446 1025 479 1081 de
501 1026 611 1081 minoris
633 1041 701 1081 uero
724 1026 918 1100 qulnquaginta
941 1024 1044 1082 assibus
1060 1041 1146 1082 sacra·

195 1118 287 1166 mento
310 1108 538 1178 contendebatur3
565 1124 626 1165 nam
651 1111 688 1166 ita
710 1108 771 1183 lege
795 1126 842 1166 x11
863 1109 1015 1166 tabularum
1038 1118 1146 1167 cautum

196 1202 261 1250 erat.
298 1185 354 1272 (at)
369 1195 392 1250 si
407 1193 440 1249 de
455 1192 582 1249 libertate
596 1193 714 1249 hominis
730 1195 916 1250 controuersia
931 1203 1003 1260 erat,
1020 1196 1070 1249 etsi
1086 1210 1147 1268 pre·

194 1279 357 1334 tiosissimus
373 1277 454 1334 bomo
469 1285 552 1352 esset,
575 1287 664 1333 tamen
678 1284 710 1332 ut
730 1293 750 1333 1.
772 1275 877 1332 assibus
898 1285 1069 1332 sacramento
1083 1294 1147 1332 con·

194 1361 369 1433 tenderetur,
389 1360 482 1417 eadem
503 1360 564 1432 lege
578 1368 686 1415 cautum
702 1367 743 1414 est
757 1358 864 1415 ’lauare
880 1359 983 1416 scilicet
1004 1359 1147 1430 libertatis,

196 1458 231 1499 ue
253 1437 453 1500 onerarentur¹
476 1442 637 1499 adsertores.
661 1439 1146 1513 l———-
1159 1451 1216 1499 192.

197 1543 237 1585 t'v.
251 1525 354 1582 1-10
603 1529 607 1584 Ι
621 1554 1131 1568 ----------
1134 1519 1147 1559 ²
1160 1519 1177 1556 ‘·
1187 1528 1204 1556 ⁸·

197 1607 242 1668 ta.
265 1607 406 1666 ’Ceteram
431 1623 495 1663 cum
516 1602 618 1663 etiam³
644 1612 723 1670 itstae
751 1624 844 1665 omnes
866 1611 1039 1666 actiones-
1057 1642 1090 1651 —
1105 1641 1148 1651 -

271 1808 291 1878 ¹)
305 1809 351 1860 Sic
370 1810 396 1858 V
397 1807 418 1843 Ι*
431 1809 540 1875 (tantum
554 1818 679 1859 orarentur
690 1825 740 1873 pra
755 1809 920 1876 onerarentur)
939 1812 1015 1875 idque
1034 1813 1086 1861 iant
1099 1811 1147 1878 Bp.

196 1882 236 1932 ed.
251 1892 272 1933 t.
287 1884 319 1944 ej.
335 1888 468 1931 assecutae
482 1886 547 1930 erat.
603 1876 624 1945 ²)
638 1880 699 1930 Hac
708 1881 802 1943 priore
811 1886 890 1944 parte
904 1883 1032 1946 popinae,
1051 1883 1079 1931 in
1098 1899 1149 1947 qua

197 1954 263 2003 nibil
277 1953 329 2018 lepi
338 1952 438 2015 potuit,
453 1953 484 2000 de
498 1951 571 2001 modo
585 1951 743 2001 sacramenti
755 1951 897 2014 disputatio
912 1954 1063 2001 continuata
1076 1960 1101 2002 et
1114 1955 1150 2003 ad

194 2025 270 2087 finem
279 2023 409 2086 perducta
423 2037 479 2072 esee
492 2022 607 2080 uidetur,
622 2028 650 2070 ut
663 2029 742 2085 pato,
756 2020 875 2084 haesere
888 2022 976 2071 modo:
994 2019 1032 2070 ‘E
1044 2023 1148 2073 diuerso

196 2096 222 2143 ai
235 2095 303 2143 inter
312 2095 436 2157 papulam
449 2100 474 2143 et
483 2094 617 2157 priuatum
626 2093 809 2143 controuersia
818 2099 883 2150 erat,
893 2094 949 2142 aine
959 2107 1002 2142 ree
1010 2094 1069 2141 mile
1078 2096 1149 2143 aeris

194 2166 314 2227 plurisue
331 2166 388 2213 siue
406 2165 514 2213 minoris
532 2170 610 2221 earet,
630 2164 789 2213 sacramenti
804 2177 890 2227 poena
911 2178 946 2214 ex
964 2165 1018 2229 tepe
1036 2163 1149 2214 Haterio

202 2233 314 2296 Tarpeia
328 2249 345 2281 a
354 2241 479 2296 praetore
494 2233 685 2292 aestimabatur,
695 2234 769 2284 modo
779 2249 810 2282 ne
820 2236 904 2284 minor
913 2236 1059 2299 quinpentis
1069 2250 1149 2300 neque

184 2303 282 2352 maior
296 2301 346 2351 III
354 2302 455 2351 utilibus
469 2305 539 2351 aeria
550 2310 717 2353 statueretur.
741 2312 882 2371 praetereo
892 2307 946 2371 lepe
955 2304 1026 2354 Iulia
1037 2305 1149 2369 Papiria

198 2378 301 2422 cautum
314 2379 360 2429 eat,
375 2386 406 2420 ne
416 2373 505 2434 pluris
518 2387 592 2435 qaam
606 2376 664 2435 ipsa
678 2389 722 2424 res
735 2382 809 2432 earet,
823 2383 1010 2426 sacramentum
1023 2383 1148 2426 statuere-

199 2450 242 2491 tur
256 2439 302 2507 (cs.
313 2442 385 2505 infra
394 2453 416 2500 4,
426 2438 472 2507 aa).
494 2443 519 2490 ri
533 2455 595 2491 uero
609 2445 776 2507 magistratus
785 2460 837 2507 pro
847 2449 945 2510 populo
958 2447 1059 2512 apebat,
1074 2450 1149 2497 etiam

194 2514 319 2577 priuatas
333 2520 429 2562 tantum
442 2518 603 2561 sacramento
617 2512 836 2577 interrogabatur.
864 2517 940 2580 idque
953 2532 1052 2582 semper
1062 2518 1149 2581 fiebat,

198 2599 256 2634 cam
273 2598 308 2632 ecc
321 2586 376 2648 tepe
394 2584 483 2646 aliqua
502 2596 570 2642 eum,
592 2584 637 2646 qui
655 2589 746 2632 contra
764 2585 844 2647 tepent
858 2585 977 2648 fecisset,
998 2590 1026 2636 in
1046 2603 1149 2638 sacrum

198 2655 318 2704 iudicare
332 2652 433 2715 licebat,
448 2653 477 2702 id
486 2667 513 2702 es
533 2658 562 2702 ut
574 2667 591 2701 a
599 2654 753 2717 mapirtrata
762 2662 922 2704 sacramento
932 2657 1149 2722 interrogaretur,

197 2738 225 2774 ae
239 2730 331 2774 eontra
345 2725 424 2788 lepem
438 2737 489 2773 nan
501 2659 618 2786 (bebre'.
653 2720 705 2787 (Of.
720 2722 780 2772 Lea
792 2720 839 2772 Sit
854 2724 887 2773 de
901 2725 1068 2789 pondernuel
1082 2727 1148 2777 Fert.

198 2810 221 2845 a.
237 2794 311 2843 Pudi.
322 2795 442 2857 pondera
453 2809 481 2858 p.
492 2804 538 2845 aaa.
557 2792 617 2843 Lem
630 2793 663 2842 de
677 2793 754 2856 infer.
765 2810 787 2842 a.
798 2805 810 2845 e
821 2790 861 2860 [O.
871 2792 893 2843 I.
904 2794 936 2843 L.
946 2794 968 2842 I.
980 2807 1039 2847 ttae.
1050 2812 1078 2859 p.
1090 2793 1149 2863 aaa]

200 2864 252 2915 Oia.
267 2866 299 2914 de
313 2879 368 2927 rep.
383 2876 404 2925 a,
418 2873 452 2915 aa.
473 2863 539 2913 Fert.
554 2880 576 2913 a.
591 2862 793 2913 Sacramentum.
817 2862 985 2915 Sacramenta
998 2880 1024 2929 p.
1039 2876 1086 2917 itt.
1101 2878 1149 2917 stt.

199 2933 294 3000 Mota).
346 2931 368 3000 ⁸)
382 2934 426 2984 Aa
437 2936 589 2984 sententiam
602 2936 726 2998 suppleat.

199 3112 246 3175 lep.
261 3116 341 3173 repet.
356 3126 378 3159 a.
394 3120 421 3161 24
435 3109 488 3176 (Κὶ.
500 3126 528 3174 p.
542 3108 588 3175 to).
615 3110 667 3161 ate.
678 3126 731 3175 pro
746 3111 803 3162 Mil.
818 3122 851 3162 at.
867 3127 920 3175 pro
936 3110 1009 3162 Gaea.
1025 3123 1058 3164 aa.
1077 3113 1101 3175 ὃ.
1116 3123 1151 3165 tt.

198 3181 227 3230 in
244 3180 542 3242 Verr.a,1,to.§.1re.
562 3182 849 3244 decrat.1,1o.§.aa.
870 3197 922 3245 pro
936 3183 1010 3233 domo
1024 3194 1058 3234 aa.
1078 3184 1101 3244 5.
1116 3194 1150 3235 to.

197 3251 231 3300 de
244 3266 300 3314 rep.
314 3262 335 3309 2,
349 3262 383 3303 tto.
398 3252 422 3313 ξ.
432 3262 466 3302 tto.
486 3252 522 3300 ad
532 3252 616 3313 famil.
632 3264 652 3309 u,
663 3263 697 3303 aa.
718 3251 1037 3318 Arnob.ada.pent.4,1a.
1061 3253 1150 3304 Valer.

200 3320 275 3371 Marc.
289 3332 344 3380 aa.
359 3323 382 3383 ἕ.
399 3332 420 3371 t.
434 3333 456 3380 tt,
471 3333 491 3372 u.
506 3323 529 3383 ξ.
544 3333 564 3373 2.
626 3317 651 3390 ξ.
668 3325 709 3373 14.
731 3322 769 3386 Cf.
789 3321 885 3381 Varro,
901 3322 967 3373 Fert.
983 3325 1009 3373 il.
1025 3340 1062 3374 aa.
1084 3326 1106 3373 si
1120 3325 1150 3374 de

199 3387 321 3458 libertate]
337 3391 372 3455 cf.
387 3391 446 3441 Lia.
461 3402 481 3447 a,
495 3403 588 3456 terea.
651 3387 677 3460 ξ.
694 3392 735 3443 1⁶.
756 3391 793 3455 Cf.
814 3392 902 3445 Valer.
919 3393 997 3446 Prot.
1011 3407 1032 3445 t.
1053 3409 1150 3446 omre

198 3459 401 3529 erra]cs.§.1e.
421 3477 443 3511 a.
463 3476 570 3518 evauno
590 3476 694 3513 1u1rn1e
712 3478 900 3514 vmorcevnsrr.
933 3465 962 3514 ad
981 3462 1095 3533 iudicem]
1115 3466 1150 3528 cf.

198 3533 222 3595 β.
237 3544 270 3584 18.
290 3531 329 3581 die
343 3529 418 3599 m]
433 3532 468 3595 cs.
481 3530 568 3583 Scitol.
585 3532 636 3582 Oia.
657 3532 733 3586 Verr.
745 3545 765 3592 a,
776 3546 796 3593 t,
806 3545 826 3585 o.
846 3537 869 3597 5.
884 3546 911 3587 aa
924 3534 993 3587 Bait.
1012 3552 1057 3602 per
1075 3538 1151 3598 legem
