2609 3942
459 223 518 259 nnn
536 224 632 264 nisnnn.
650 206 685 260 11.
703 212 857 264 eoo-270⁸.
1078 208 1139 272 281

181 364 385 437 relinquuntur,
406 362 505 435 abhis,
528 380 601 435 quae
616 363 720 420 directo
734 366 794 420 iure
815 364 950 437 legentur.
986 361 1057 424 269.
1073 367 1139 421 Nam

181 464 243 504 ecee
259 464 306 520 per
322 445 555 503 fideicommissum
571 444 666 503 'etiam
681 450 754 513 enlte
775 448 881 503 heredis
903 443 1139 521 (institutionem)¹

181 532 295 605 relinqui
315 539 419 605 potest:
443 547 501 586 eum
524 531 642 603 alioquin
666 531 786 605 legatum
802 531 973 588 ’testamenti
992 534 1077 599 iniltio
1095 537 1139 589 cta·

181 609 252 672 tum²
281 616 375 671 inutile
406 616 452 671 sit.
472 608 589 685 †††³
629 610 699 673 270.
722 615 789 671 ltem
822 617 966 671 intestatus
993 619 1140 673 moriturus

108 704 166 757 [2⁰4]
181 707 274 773 potest
288 698 320 754 ab
336 715 382 769 eo,
407 699 439 754 ed
461 715 542 771 quem
563 698 634 755 bona
656 700 714 754 eius
730 701 884 773 pertinent,
902 697 1141 756 fideicommissum

181 782 260 839 alieni
274 782 443 856 relinquere;
459 799 519 838 oum
536 782 655 855 alioquin
671 781 702 838 ab
715 799 748 839 eo
763 783 848 857 legari
864 799 918 838 non
934 785 1032 856 possit.
1058 778 1140 840 2⁷0³.

180 868 253 924 Item
272 869 397 941 iepatum
415 869 556 924 codicillis
570 866 694 922 relictum
716 883 769 922 non
791 866 869 923 aliter
890 866 970 931 ualet,
995 884 1072 939 quam
1088 869 1140 923 sia

180 958 314 1008 testatore
330 948 480 1007 confirmati
500 950 612 1022 inerint,
634 950 728 1020 idest,
749 951 801 1006 nisi
815 952 842 1006 in
858 958 1018 1007 testamento
1035 954 1142 1007 cruerit

181 1042 249 1091 ante
265 1041 316 1091 aut
325 1027 414 1107 post⁴
429 1042 554 1105 testator,
573 1041 603 1089 ut
618 1034 746 1109 quidquid
763 1036 790 1090 in
804 1035 933 1090 codicillis
949 1036 1098 1110 scripserit,
1113 1034 1141 1090 id

180 1126 267 1175 retum
289 1120 339 1185 sit;
359 1116 593 1175 fideicommissum
615 1135 682 1176 uero
704 1120 782 1174 etiam
805 1136 860 1175 non
881 1118 1045 1175 confirmetis
1067 1119 1140 1175 codi-

255 1283 274 1351 l)
288 1286 391 1351 Scripsi
394 1303 404 1342 ‚·
418 1287 485 1336 iano
499 1288 565 1336 enim
579 1287 754 1351 differentiam
768 1302 785 1336 a
797 1285 862 1335 Gaio
876 1287 958 1335 omitti
967 1301 1017 1335 non
1024 1288 1141 1349 potuisse

180 1373 285 1423 eamque
295 1359 407 1421 primam
418 1356 514 1419 fnisse,
529 1372 603 1421 qnam
618 1357 739 1420 referret,
753 1372 788 1405 ex
797 1357 820 1417 ξ.
831 1367 877 1406 222.
892 1356 1020 1419 officiium
1035 1356 1069 1418 cs.
1084 1355 1139 1418 Uip.

180 1439 215 1490 25,
228 1440 249 1478 8.
271 1424 477 1476 ‘institutionem’
494 1441 555 1476 nero
569 1426 600 1476 ob
614 1427 751 1491 archetypi
759 1428 850 1491 siplam
860 1441 915 1489 1119,
930 1433 1043 1490 quaeest
1058 1422 1141 1475 ‘liere-

181 1499 224 1547 dis
237 1493 375 1545 institutio’
391 1494 507 1559 (Puteoli.
526 1495 634 1545 Gramm.
649 1504 696 1545 net
707 1512 735 1560 p.
751 1494 824 1560 1274),
838 1504 938 1547 tantum
949 1511 999 1559 pro
1014 1492 1139 1545 ‘heredis'

181 1573 314 1629 acceptam
332 1565 462 1613 excidisse
477 1572 550 1627 puto.
587 1568 662 1615 etiam
681 1575 739 1614 nutu
761 1566 906 1632 heredi(ta)s
924 1568 963 1616 ed.
982 1566 1031 1631 Bp.
1049 1574 1141 1617 contra

183 1635 252 1700 quod
265 1636 316 1683 oid.
333 1630 438 1682 ‘Gaius’
452 1648 479 1696 p.
494 1645 528 1685 61.
545 1636 617 1682 etiem
631 1651 683 1684 non
698 1638 812 1685 instituto
829 1637 918 1685 herede
931 1638 971 1686 ed.
985 1637 1032 1701 Bp.
1048 1648 1069 1689 t.

185 1703 206 1769 ²)
221 1704 254 1753 In
267 1703 308 1753 Itis
326 1702 488 1752 Biulmiauis
507 1697 710 1770 (willielmum,
728 1707 852 1766 scriptum
868 1708 951 1767 fuisse
966 1709 1064 1767 putant.
1093 1706 1141 1770 Bp.

183 1776 222 1826 ed.
240 1773 326 1840 (eiiam
340 1771 376 1836 5):
391 1773 438 1821 nisi
454 1769 458 1841 )
474 1779 615 1822 testamento
631 1774 701 1822 insto.
740 1773 793 1823 Nec
811 1775 861 1832 ait,
880 1789 929 1837 qno
948 1775 1015 1823 lanc
1029 1777 1142 1837 primam

182 1845 358 1909 differentiam
376 1850 494 1906 spectare
513 1844 574 1892 uelit
587 1842 672 1907 (infra
685 1844 750 1892 em'm
770 1842 802 1891 ab
816 1857 846 1892 eo
865 1845 940 1892 citati
957 1846 1009 1893 loci
1026 1846 1061 1893 act
1079 1852 1141 1893 nutu

181 1917 301 1966 relictum
317 1914 435 1978 fdcssum
449 1912 606 1978 pertinent),
621 1920 720 1973 utrum,
736 1920 896 1977 repugnante
910 1913 1043 1962 uerborum
1056 1929 1141 1972 sensu,

181 1988 218 2037 ad
227 1987 355 2051 fdemissa
369 1992 429 2034 ante
443 1985 467 2033 i.
482 1985 667 2033 institutionem
681 2000 715 2033 an
733 1983 765 2033 ab
784 1985 904 2033 intestato
923 1984 984 2032 data
1002 1982 1042 2050 (nt
1063 1984 1143 2033 Gaius

182 2059 249 2107 idem
262 2057 305 2106 liic
319 2063 344 2106 et
358 2058 381 2118 ἕ.
397 2067 443 2107 sto.
463 2056 564 2104 dixisse
583 2051 712 2119 copatur).
787 2050 807 2120 ³)
828 2054 882 2103 Aut
900 2053 1025 2103 librarius
1040 2056 1142 2103 insolite

182 2126 287 2193 (quippe
300 2130 386 2176 statim
400 2127 475 2176 initio
494 2139 575 2175 nanae
589 2123 723 2191 materiae)
743 2126 869 2189 reliquam
883 2139 973 2174 uersus
982 2132 1084 2187 partem
1098 2140 1142 2173 oa-

182 2214 256 2249 cuam
275 2199 423 2261 relinquens
442 2198 496 2258 ipse
515 2198 633 2245 lacunam
651 2197 764 2257 codicis,
783 2197 850 2246 unde
870 2194 1043 2254 describebat,
1061 2197 1142 2261 siqni-

179 2270 270 2333 fieaoit
284 2274 329 2316 aut
341 2267 427 2315 statim
441 2267 477 2315 ad
493 2267 632 2316 secundum
650 2263 712 2315 Item
726 2269 810 2317 oeulis
828 2268 949 2330 delapsus
959 2268 1071 2329 primum
1085 2283 1142 2316 cum

182 2339 224 2387 liis
239 2352 304 2402 quae
317 2335 487 2400 sequebantur
506 2338 596 2386 omisit.
636 2336 709 2386 Certe
727 2338 770 2387 liic
784 2340 892 2387 alteram
907 2338 1081 2400 differentiam
1095 2353 1141 2387 ece-

183 2409 288 2465 cidisse,
299 2422 372 2470 quam
382 2404 453 2469 Epit.
463 2419 484 2469 2,
495 2419 515 2459 t.
526 2409 549 2469 ἐ.
560 2418 580 2458 8.
596 2408 643 2457 noc
654 2409 710 2470 ipso
720 2410 776 2458 loco
786 2410 870 2470 refert
878 2409 919 2457 liis
928 2408 1027 2458 verbis:
1042 2406 1141 2458 ‘itaet-

183 2479 341 2530 eommissum
350 2477 386 2526 ad
394 2492 458 2535 eum,
473 2479 517 2527 cui
525 2478 626 2541 aliquid
635 2478 766 2526 dimissum
776 2485 814 2527 est
822 2478 916 2544 (osrede
925 2486 1033 2536 mortuo,
1045 2482 1143 2541 poterit

178 2549 331 2613 pervenire,
354 2549 378 2596 si
396 2549 457 2596 talis
476 2547 560 2611 fuerit
579 2548 699 2597 condicto
718 2550 873 2596 testamenti:
895 2564 954 2596 nam
977 2551 1086 2613 lepatnm
1104 2551 1142 2597 ita

182 2620 298 2683 relinqui
316 2633 366 2667 non
376 2615 484 2680 potest’,
506 2624 615 2680 praeter
633 2616 702 2665 nunc
716 2616 849 2678 Epitomae
864 2619 945 2665 locum
963 2620 1039 2666 etiam
1058 2630 1079 2673 2,
1093 2630 1141 2681 222,

183 2688 228 2739 ubi
240 2689 305 2739 liaeo
320 2690 472 2752 proprietas
491 2689 633 2751 lepotorum
646 2693 672 2734 et
690 2687 747 2748 ipsa
761 2687 877 2749 sequitur
891 2701 954 2745 eam,
971 2703 1044 2750 qnam
1062 2687 1142 2736 Gaius

182 2762 206 2821 ξ.
222 2771 270 2810 262.
290 2773 383 2808 rursus
402 2757 618 2814 commemoravit,
638 2763 663 2804 et
681 2755 753 2817 infra
772 2755 849 2804 uerba
868 2756 890 2816 5.
910 2767 957 2806 227.
978 2764 1001 2804 st
1015 2757 1068 2819 qnia
1087 2764 1142 2820 post

182 2837 285 2879 mortem
299 2843 392 2893 quoque
407 2827 503 2877 heredis
518 2826 730 2876 fideicommissum
746 2825 797 2873 deri
811 2832 889 2888 potest
904 2826 1055 2881 ostendunt;
1073 2842 1142 2876 more

183 2903 250 2950 enim
263 2915 310 2949 suo
328 2898 408 2948 Gaius
422 2898 489 2947 hauc
503 2912 608 2947 causum
626 2897 724 2960 afferre
742 2911 793 2945 non
808 2902 925 2959 poterat,
945 2896 997 2943 nisi
1016 2897 1066 2943 iam
1090 2911 1143 2944 rem

183 2972 321 3021 retulisset.
386 2965 408 3033 4)
425 2967 485 3017 Cum
499 2969 601 3017 litterae
615 2968 646 3015 rit
660 2982 710 3017 non
724 2967 858 3030 sufficiant
870 2967 906 3015 ad
918 2965 1073 3028 explendum
1086 2980 1143 3013 oer-

183 3057 246 3100 sum,
261 3040 305 3090 uhi
320 3036 425 3103 ‘septem
434 3040 474 3087 oei
482 3034 585 3101 plures’
602 3040 704 3087 litterae
719 3039 770 3102 iept
779 3042 985 3100 meminerunt,
999 3036 1144 3084 addendum

185 3119 243 3161 erat
260 3118 314 3160 ente
333 3109 396 3175 e(ut)
414 3107 490 3174 p(ost)
509 3109 543 3170 cf.
564 3110 587 3170 §-
607 3109 667 3160 122)Ι
708 3106 805 3157 Omittit
823 3107 872 3156 Kr.
891 3109 931 3157 ed⁴
946 3118 971 3171 2,
990 3107 1043 3154 nisi
1059 3105 1144 3169 fuerit

182 3183 298 3245 sortasse
312 3180 349 3230 ibi
362 3181 477 3230 additum
492 3180 550 3242 ipss.

256 3337 282 3408 ξ,
297 3341 357 3389 269.
378 3338 417 3401 Cf.
432 3350 453 3399 2,
467 3348 514 3387 222.
539 3336 593 3399 Uip.
607 3346 642 3397 22,
656 3347 676 3387 2.
750 3331 774 3403 §-
790 3337 849 3385 220,
871 3334 909 3393 Cf.
926 3333 996 3398 Epir.
1013 3336 1029 3383 i.
1045 3349 1067 3384 e.
1087 3334 1142 3399 un.

186 3422 223 3472 ss,
237 3422 258 3461 4.
278 3412 301 3472 §-
317 3421 351 3460 1o.
370 3408 392 3458 I.
411 3408 444 3457 de
459 3408 542 3470 sdess.
561 3407 648 3455 iered.
664 3404 700 3472 (2,
715 3405 758 3468 ns).
813 3401 838 3472 §-
854 3406 928 3455 270⁸.
949 3405 987 3468 Cf.
1002 3403 1072 3468 Epir.
1088 3409 1103 3456 l.
1119 3422 1142 3455 e.

190 3481 244 3546 Uip.
260 3492 294 3543 25,
308 3491 329 3531 8.
349 3479 424 3529 Paul.
439 3490 461 3539 4,
476 3489 496 3527 1.
516 3479 537 3539 ξ.
554 3489 587 3528 10.
602 3479 625 3538 ὅ.
641 3489 662 3527 1.
681 3476 702 3525 Ι.
717 3477 749 3525 cle
763 3477 845 3525 codic.
866 3475 897 3541 (2,
912 3474 956 3541 22).
987 3476 1012 3525 θ.
1027 3478 1059 3525 de
1069 3476 1142 3537 finib.

185 3564 211 3615 2,
230 3564 263 3603 12.
