2609 3942
451 210 513 245 nan
531 211 632 246 ansam.
650 194 672 248 Ι.
690 199 798 248 tat-to.
1043 195 1101 259 191

145 353 222 408 cuins
238 351 332 406 aetatis
347 348 419 405 iilius
434 352 470 406 sit
485 344 599 420 filiane¹‚
622 350 697 407 ’cum
720 353 968 408 senatusconsulto
983 353 1053 408 nihii
1068 355 1103 408 cte

147 451 182 492 eu
197 452 231 491 re
246 440 402 491 canentur:
423 438 480 491 nisi
500 427 594 507 forte²
611 436 615 501 Ι
632 433 742 489 Latinus
763 433 819 490 ’uei
833 435 936 490 lutino
954 453 1098 506 proponu-

146 511 220 588 tur‚-³
235 520 301 591 quio
316 521 401 574 etiem
416 533 455 576 en
469 522 534 589 ipsu
550 523 612 592 tene
627 516 710 574 Aelio
723 517 822 572 Sentio
834 517 948 587 Lotiini,
963 513 1000 572 si⁴
1016 520 1103 574 minor

55 652 64 665 ,
146 602 269 658 anniculo
292 605 330 657 sit
350 599 423 657 filius
444 600 544 672 filiano,
566 618 645 658 eausa
669 600 777 674 probari
792 616 847 655 non
862 608 962 672 potest.
996 619 1046 657 nec
1061 618 1103 656 mc

144 686 284 759 praeterit,
299 686 327 740 in
340 685 430 758 aliquo
443 687 576 759 rescripto
589 686 645 740 diui
654 684 781 740 Hadriani
795 685 833 738 ita
842 700 902 739 esse
915 686 1102 755 constitutum,

146 776 280 842 tamquam
296 768 369 841 quod
384 769 417 824 ad
432 771 532 826 erroris
548 785 660 842 quoque
676 771 680 834 Ι
698 784 819 825 consum
835 767 998 841 probandam
1013 767 1104 823 'onni-

145 856 237 909 cotnm
255 854 345 924 filium
366 852 468 909 iactuum
487 847 788 920 necessesi13⁶tned
807 869 863 908 non
889 867 1002 919 semper
1017 850 1106 907 uideri

146 937 227 992 debet
241 936 403 1010 oeneraie
392 953 435 992 rus
455 937 617 1013 induistum,
638 928 713 992 oum⁶
732 937 878 1009 imperator
894 936 1051 1008 'epistulam
1067 936 1106 990 ud

77 1029 132 1083 [¹¹9]
146 1012 293 1092 quendam⁷
309 1019 391 1078 dedit.
411 1015 417 1095 Ι
435 1015 481 1078 74.
502 1019 539 1076 ’Si
559 1021 719 1093 peregrinus
737 1015 816 1093 (eum
837 1022 928 1075 ciuem
943 1021 1126 1106 Romanum
1115 1003 1156 1051 ²⁰

145 1120 176 1159 se
192 1096 349 1174 crederet)⁸
365 1104 451 1160 ciuem
466 1105 612 1176 Romanam
629 1120 739 1160 uxorem
756 1103 873 1174 duxerit,
890 1121 922 1159 an
938 1112 1102 1160 cesenates
1148 1077 1166 1107 ’

146 1187 271 1244 consulto
288 1204 408 1244 cousom
423 1173 550 1261 proibace
560 1192 660 1259 possit,
677 1189 833 1261 quaesitum
849 1180 914 1243 est⁹
939 1203 992 1244 nec
1008 1195 1103 1243 tomen

144 1277 248 1343 potest,
263 1275 331 1344 quio
342 1274 372 1328 iol
378 1277 536 1346 pereqrino
552 1275 810 1329 senatusconsulto
822 1273 996 1341 conicitur,
1011 1287 1102 1341 quam·

146 1356 187 1410 uis
214 1356 274 1426 ipse
299 1356 430 1427 deeeptus
454 1357 523 1413 male
548 1357 635 1412 ciuem
660 1356 810 1412 Romanam
835 1356 966 1424 duxerit,
992 1358 1049 1410 nisi
1055 1347 1101 1420 10Ι

146 1438 199 1494 hoe
213 1440 237 1493 ei
252 1438 403 1511 specialiter
424 1454 584 1496 concessum
605 1448 656 1495 est.
691 1439 739 1495 secl
760 1456 819 1494 cnm
841 1439 1001 1511 peregrinus
1016 1440 1102 1493 ciuem

146 1521 290 1576 Romanam
303 1537 413 1577 uxorem
423 1522 544 1578 dunisset
557 1532 585 1578 et
594 1522 648 1579 filio
660 1531 724 1579 nato
736 1523 800 1578 alias
813 1525 949 1578 ciuitatem
958 1520 1103 1577 Romanam

147 1611 311 1659 consecutus
326 1612 412 1674 casetg
423 1605 520 1660 deinde
535 1622 598 1661 cum
610 1616 800 1677 quaereretur,
818 1623 851 1660 an
866 1622 972 1662 eausam
988 1605 1103 1678 probare

147 1695 252 1759 posset,
264 1687 406 1758 rescripsit
416 1687 564 1759 imperator
576 1690 734 1755 Antoninus,
748 1689 859 1760 perinde
870 1704 951 1760 posse
967 1703 1032 1743 eum
1042 1704 1104 1742 can·

149 1785 205 1824 sam
217 1770 340 1842 probaro,
355 1777 437 1840 atque
448 1770 471 1824 si
484 1771 644 1842 penegninus
656 1773 806 1826 mansisset.
833 1787 865 1825 cx
877 1786 930 1842 quo
941 1769 1104 1841 colligimus,

148 1852 233 1908 otiam·
239 1852 413 1926 peregrinum
427 1869 533 1908 causam
545 1854 659 1925 probare
672 1868 764 1924 posse.
789 1848 834 1908 75.
852 1852 888 1907 Ex
899 1854 944 1922 iis,
957 1869 1025 1925 quac
1039 1852 1104 1907 dixi·

221 1998 241 2067 ¹)
256 2000 301 2050 Ex
324 2001 351 2051 V
352 1997 373 2034 Β*
391 2010 415 2050 et
436 2001 527 2051 Go'selt.
547 2001 640 2052 Seied.
697 1997 718 2067 ¹)
737 2001 834 2052 Sensus
851 2003 1004 2065 explicandi
1026 2017 1106 2052 eausa

146 2074 263 2132 restitui,
282 2074 350 2122 notis
370 2074 494 2136 scriptum
517 2072 663 2121 arbitratus
683 2069 781 2132 ‘cum',
800 2070 948 2130 ‘consulto’,
965 2069 1060 2122 ‘ninii’
1082 2080 1106 2122 et

148 2140 307 2194 ‘caueatur’.
380 2138 402 2207 ⁸)
417 2142 480 2191 Item
494 2144 597 2193 restitui
611 2144 679 2193 notis
693 2144 816 2193 adhibitis
833 2146 860 2192 in
881 2141 944 2192 ‘uei'
961 2151 987 2192 et
1001 2140 1105 2207 ‘propo-

147 2210 247 2263 netur'.
298 2208 320 2277 ⁴)
340 2211 386 2262 Sic
405 2229 473 2262 nune
492 2229 556 2277 quoe
579 2214 672 2263 desunt
694 2218 829 2264 restituere
852 2216 944 2276 malui,
967 2231 1023 2264 eum
1041 2216 1065 2263 ni
1084 2215 1106 2263 si

149 2285 225 2334 initio
239 2300 262 2332 u.
277 2294 310 2335 19.
326 2290 423 2332 certum
437 2298 491 2332 esse
500 2284 628 2332 uideatur.
685 2281 705 2350 ⁶)
721 2285 993 2335 hobubiIemsensum
1003 2286 1106 2334 restitui

145 2369 198 2417 pro
216 2354 295 2416 mutii
313 2354 386 2402 modo
405 2360 429 2402 et
443 2355 541 2417 ι4444444444
558 2355 697 2404 secundum
715 2357 808 2406 ductus
821 2355 926 2414 Scied„
948 2371 1011 2420 quos
1024 2358 1104 2405 inter·

145 2431 253 2487 pretor:
266 2423 400 2472 anniculum
416 2424 465 2473 fitia
480 2425 534 2474 fact.
550 2426 702 2475 accessesit.
731 2426 817 2491 Initur
836 2443 857 2475 o.
878 2423 991 2477 ‘attinet’
1012 2429 1105 2478 omissa

149 2502 195 2549 est,
210 2501 238 2542 ut
247 2494 309 2557 fieri
326 2496 390 2545 sciet
404 2495 435 2558 (1,
450 2506 497 2546 154.
515 2508 536 2546 4.
551 2493 596 2560 eo).
659 2493 680 2560 ⁶)
695 2496 795 2546 Ductus
812 2496 904 2546 Scied.
922 2512 1030 2546 seruans
1048 2505 1104 2546 ton·

150 2580 225 2629 quum
239 2570 314 2613 notas
327 2580 379 2613 non
393 2567 552 2615 continentes
565 2567 677 2615 restitui.
735 2564 755 2630 ⁷)
768 2566 893 2615 Similiter
907 2570 1010 2616 restitui
1023 2567 1105 2632 (444444

149 2632 270 2716 epistula).
289 2635 400 2684 tuendam
418 2651 453 2684 esc
469 2635 570 2686 Blulum
588 2634 681 2685 Seted.
701 2637 758 2684 edd
794 2635 848 2685 Sed
863 2635 1007 2687 Goesoieno
1018 2640 1106 2700 primu

150 2707 238 2755 littera
252 2705 353 2754 incerto
366 2707 423 2754 uisa
437 2712 482 2755 est.
511 2706 555 2755 Ad
567 2721 622 2755 rem
635 2706 670 2767 cf.
684 2704 820 2769 Selinitin9
830 2721 882 2768 pro
896 2709 1032 2770 rescriptis
1046 2711 1104 2770 imp

150 2777 208 2838 54.
234 2774 409 2824 PucIttoInst.
420 2775 442 2824 Ι.
458 2778 481 2837 5
493 2788 540 2827 111.
596 2772 708 2841 ⁵)Nune
723 2775 850 2842 (taeda)
860 2777 958 2824 addidi
985 2778 1022 2839 Cf.
1038 2780 1060 2839 5.
1071 2788 1104 2829 ’45

153 2840 174 2910 ⁹)
189 2845 264 2895 Haec
278 2846 399 2909 quidem'
388 2862 416 2894 un
431 2845 458 2895 V
457 2843 477 2878 Ι*
487 2846 522 2912 (et
531 2848 620 2896 similit
620 2862 651 2896 sr
661 2847 688 2895 in
697 2845 786 2910 Suppi
798 2845 835 2894 St.
842 2861 871 2908 p
885 2845 1006 2909 XXIII.)
1020 2864 1106 2910 quom·

150 2917 191 2964 uis
207 2914 232 2964 0
247 2915 290 2965 Itic
302 2917 458 2979 difficillimo
472 2919 548 2976 iectu,
562 2917 638 2966 etium
653 2918 713 2966 inde
726 2933 743 2966 o
757 2917 842 2967 uerbis
856 2916 948 2964 duxerit
963 2931 991 2963 an
1006 2919 1106 2979 utiquo·

150 2993 224 3036 tenus
238 2991 310 3035 certo
324 2987 458 3036 uidentur:
475 2989 521 3036 sed
539 2994 621 3037 tamen
639 2988 655 3036 b
674 2989 765 3036 tectum
779 2989 873 3050 putaui
886 3000 963 3050 proc
979 2984 1106 3051 (oensem).

154 3054 224 3115 Quae
242 3071 304 3106 uero
322 3055 371 3104 Kr.
390 3058 429 3106 ed.
450 3070 462 3108 a
481 3059 573 3108 deinde
587 3059 709 3121 proxime
722 3065 784 3121 post
801 3061 921 3107 lacunam
938 3057 1014 3121 quusi
1031 3057 1059 3105 in
1079 3056 1105 3105 0.
1140 3049 1145 3059 '

150 3128 251 3179 iecisset
260 3133 357 3176 tontum
366 3128 441 3177 initio
450 3130 566 3191 suppleto
576 3127 664 3177 hebet:
679 3124 688 3151 ‘
690 3128 806 3191 probare
823 3128 826 3194 Ι
843 3142 938 3178 censam
950 3142 997 3175 non
1007 3125 1106 3189 potcst'‚

150 3211 182 3245 ea
195 3198 272 3247 etium
284 3195 374 3261 Suppi.
389 3196 426 3246 St.
437 3214 466 3261 p.
485 3198 591 3247 XXIII
601 3201 722 3263 ignorato
742 3200 808 3248 unde
821 3205 922 3261 sumptu
936 3200 989 3246 sint
1002 3205 1028 3246 et
1045 3199 1108 3262 quid

150 3265 201 3316 sihi
213 3269 300 3325 veiint,
315 3283 366 3317 non
380 3269 464 3318 video.
520 3266 553 3334 ¹⁰)
567 3269 724 3319 Huiusmodi
736 3270 800 3333 qnid
813 3276 881 3318 certe
894 3283 984 3318 sensus
995 3268 1106 3334 flagitat,

150 3344 245 3387 etcum
258 3354 275 3387 a
288 3337 362 3388 Sido
380 3341 464 3388 reluta
483 3341 619 3389 concinere
637 3340 799 3397 uiderentur,
818 3340 882 3388 Itaec
896 3354 1008 3402 quoque,
1026 3356 1106 3404 quan·

151 3422 226 3471 quam
240 3410 323 3457 minus
336 3416 421 3466 eertn,
436 3411 463 3458 in
476 3417 572 3459 temtum
586 3411 704 3472 recipere
718 3417 825 3459 conatus
837 3424 899 3457 sum.

222 3526 248 3598 ξ.
263 3533 305 3581 74.
326 3531 365 3592 Of.
379 3546 461 3595 supra
474 3533 496 3593 5.
512 3543 545 3583 58.
614 3528 638 3602 5.
655 3533 697 3581 75.
714 3531 751 3594 Cf.
767 3534 788 3595 5.
804 3544 838 3585 64.
