2609 3942
438 194 617 232 os111usr1r.
636 179 685 232 III.
705 185 813 234 ta-tc.
1038 180 1101 245 303

144 333 256 390 Latinus
277 336 407 405 moritur,
430 335 516 391 ueluti
536 337 559 391 si
573 335 684 391 Latinus
705 336 780 392 saiuo
801 339 859 393 iure
880 340 989 411 patroni
1004 337 1035 394 ab
1051 339 1099 394 im-

145 424 272 491 peratore
288 420 329 474 ius
343 417 484 486 Quiritium
503 429 667 475 consecutus
684 420 779 477 inerit:
795 415 886 477 ’itcm¹
903 424 926 477 si
936 421 1045 478 Latinus
1060 424 1100 478 in·

146 502 205 557 uito
221 502 263 557 uel
284 502 428 576 ignorante
447 511 563 575 patrono
583 506 626 559 ius
641 502 784 570 Quiritium
800 504 831 559 ab
854 506 1016 577 imperatore
1035 523 1099 562 con·

147 593 255 641 secutus
266 588 315 641 sit:
332 585 428 660 quibus
438 587 555 660 casibus,
571 588 612 643 ’ut
627 588 708 644 diuos
718 588 847 644 Traianus
857 582 1025 658 constituit,²
1037 588 1100 644 dum

146 670 213 723 uiuit
228 671 279 725 iste
299 669 422 741 libertus,
441 672 537 727 ceteris
559 671 664 727 ciuibus
678 671 803 727 Romanis
825 671 930 728 libertis
951 672 1043 726 similis
1059 679 1102 726 est

144 753 1101 828 mmmfflmmwwmmmmmmmmemm

143 835 1100 912 bwnmmmmmmmmmdmmmmmmmmM·

144 922 227 975 menti
250 921 406 992 factionem,
430 931 461 978 ut
482 930 625 996 patronum
654 921 780 978 heredem
808 924 931 979 instituat
953 924 1046 995 eique,
1076 923 1099 977 si

143 1004 223 1059 heres
246 1021 305 1060 esse
328 1005 460 1069 noluerit,
484 1005 564 1061 alium
586 1006 752 1063 substituere
777 1008 871 1080 possit.
914 1002 961 1064 ⁷3.
983 1004 1015 1062 Et
1038 1006 1099 1078 quia

143 1083 1099 1164 mmmmmwfflmmffifflmmbmwfflbfflm

143 1173 227 1226 mines
250 1169 386 1244 tamquam
405 1175 478 1230 ciues
499 1174 611 1230 Romani
633 1183 819 1248 morerentur,
840 1176 962 1247 quamuis
985 1191 1017 1229 eo
1039 1176 1099 1228 iure

143 1257 1098 1332 mmmmmmmfflQOmmmmmwms

70 1350 128 1402 iero]
143 1338 268 1394 consulto
285 1340 358 1394 ciues
373 1340 484 1396 Romani
500 1350 600 1405 essent,
624 1341 704 1396 diuus
720 1340 878 1405 Hadrianus,
900 1341 1044 1412 iniquitate
1058 1340 1098 1393 rei

143 1431 243 1491 motus,
263 1429 358 1476 auctor
374 1423 424 1478 tuit
438 1431 549 1479 senatus
565 1424 683 1480 consulti
697 1423 827 1496 faciundi,
843 1432 873 1479 ut
894 1424 938 1495 qui
954 1424 1099 1496 ignorante

142 1504 187 1558 uel
202 1512 345 1558 recusante
360 1500 495 1576 patrouo⁴
510 1505 542 1562 ab
562 1509 724 1579 imperatore
743 1508 784 1563 ius
800 1506 941 1574 Quiritium
960 1507 1099 1562 consecuti

143 1594 244 1656 essent,
266 1588 289 1640 si
305 1602 337 1640 eo
359 1588 417 1643 iure
433 1596 526 1660 postea
542 1592 585 1644 usi
599 1599 701 1657 essent,
724 1607 778 1663 quo
794 1607 825 1646 ex
841 1591 901 1663 lege
917 1591 990 1645 Aelia
1006 1590 1097 1645 Seutia

144 1669 189 1724 uei
197 1684 229 1723 ex
235 1675 346 1723 senatus
353 1670 491 1742 consulto,
504 1670 620 1725 siLatini
627 1676 801 1735 mansissent,
813 1675 948 1728 ciuitatem
954 1673 1097 1728 Romanam

143 1760 387 1824 consequerentur,
399 1754 512 1825 proinde
523 1754 575 1826 ipsi
585 1753 758 1826 haberentur,
772 1769 802 1809 ac
812 1755 834 1808 si
848 1756 909 1825 lege
918 1755 993 1809 delia
1006 1754 1097 1809 Sentia

143 1836 187 1892 uel
203 1843 313 1891 senatus
329 1836 454 1892 consulto
469 1835 501 1891 ad
518 1839 653 1893 ciuitatem
669 1835 813 1892 Romanam
828 1839 1024 1909 peruenissent.
1042 1830 1046 1914 Ι

205 1914 252 1978 74.
275 1918 374 1975 Eorum
389 1928 487 1990 autem,
509 1936 578 1993 quos
593 1920 635 1977 lex
650 1920 724 1976 Aetia
740 1920 831 1976 Sentia
847 1919 1033 1976 dediticiorum
1049 1920 1168 1975 nu·147·

141 2020 217 2059 mero
233 2004 308 2074 iacit,
324 2003 395 2058 bona
410 2003 491 2060 modo
507 2006 582 2077 quasi
597 2008 701 2060 ciuium
716 2006 911 2061 Romanorum
925 2003 1098 2073 libertorum,

141 2088 222 2143 modo
236 2088 312 2161 quasi
325 2087 481 2143 Latinorum
493 2088 524 2144 ad
541 2097 671 2161 patronos
687 2090 832 2161 pertinent.
861 2083 907 2144 75.
924 2087 989 2142 Nam
1004 2103 1099 2143 eorum

141 2170 219 2242 bona,
237 2172 294 2244 qui,
313 2172 377 2226 siin
394 2171 483 2245 aliquo
499 2174 566 2228 uitio
582 2189 636 2227 non
651 2178 754 2242 esseut,
777 2173 931 2227 manumissi
950 2171 1024 2228 ciues
1045 2171 1098 2226 Ro-

141 2257 213 2311 mani
234 2255 318 2310 iuturi
339 2263 441 2326 essent,
461 2258 538 2328 quasi
553 2258 651 2311 ciuium
666 2256 848 2313 Romanorum
870 2257 990 2329 patronis
1006 2255 1097 2311 eadem

141 2337 1097 2413 imffimmmmmmmmfflmmmmw·

141 2435 217 2478 nem:
234 2438 293 2476 uam
309 2420 336 2476 id
351 2422 486 2494 plerisque
501 2423 612 2496 placuit,
628 2439 679 2480 nec
692 2425 829 2480 inmerito.
865 2440 926 2479 nam
940 2423 1098 2479 incredibile

141 2504 294 2576 uidebatur,
310 2507 444 2578 pessimae
458 2506 624 2563 condicionis
640 2506 793 2561 bominibus
809 2506 929 2562 uoluisse
944 2507 1014 2580 legis
1029 2508 1097 2563 lato-

214 2634 234 2703 ¹)
249 2652 303 2686 nam
321 2644 441 2701 sequente
458 2645 484 2687 ut
499 2638 525 2688 0.
541 2639 598 2688 edd.
613 2637 661 2702 139.
676 2644 701 2686 et
719 2635 792 2685 Stud.
812 2651 866 2685 nam
885 2638 916 2685 ita
936 2637 1041 2688 Locbm.
1056 2640 1096 2688 ed.

140 2709 206 2768 item,
221 2715 247 2756 ut
260 2709 318 2756 edd.
333 2723 402 2756 meuc
416 2720 436 2758 1.
452 2720 471 2758 2.
487 2720 507 2759 3.
523 2715 547 2757 ct
560 2707 608 2771 Bp.
623 2719 644 2757 5.
665 2709 723 2755 item
742 2706 830 2755 Puden.
864 2706 960 2754 Vitium
973 2724 1008 2756 ecc
1025 2710 1098 2772 falsa

140 2779 341 2841 transpositione
356 2785 449 2834 uotum,
465 2778 496 2826 dc
510 2793 560 2842 qua
574 2778 625 2827 uid.
635 2792 687 2840 seq.
698 2783 790 2825 uotam.
855 2772 876 2840 ¹)
890 2775 964 2825 Haec
978 2778 1055 2827 uerba
1069 2781 1097 2827 in

143 2849 182 2905 0.,
196 2850 297 2897 scilicet
315 2863 350 2897 ecc
363 2849 492 2911 moryine,
511 2847 554 2897 ubi
567 2850 685 2910 suppletu
699 2852 786 2904 eraut,
806 2847 833 2894 iu
850 2845 919 2895 bunc
937 2848 1019 2895 locum
1032 2850 1097 2897 mode

140 2920 307 2981 transposita,
327 2920 447 2982 leputatur
465 2924 525 2967 onte
543 2917 620 2967 uerba
639 2918 660 2966 si
675 2918 771 2966 Latinus
789 2916 871 2966 inuito.
904 2917 998 2964 iustum
1015 2918 1097 2965 Iocum

135 2990 267 3053 produnt,
286 3003 351 3053 quae
364 3003 415 3051 seq.
431 2989 454 3049 fi.
469 2989 501 3036 de
514 2988 606 3051 effectu
620 2987 698 3037 buius
712 2987 902 3037 constitutionis
915 2986 951 3035 ad
964 2992 1097 3049 utrumque

140 3074 228 3109 casum
237 3058 394 3122 pertinentis
407 3057 538 3117 dicuntur,
552 3074 599 3108 nec
612 3066 690 3107 sanat
702 3060 785 3107 locum
793 3057 840 3107 scd
848 3058 959 3120 amplius
972 3057 1099 3119 depravat

141 3126 240 3197 [quibus
254 3125 362 3194 casibus]
381 3129 420 3177 ed.
439 3127 512 3178 Stud.
529 3144 564 3178 eae
581 3128 695 3178 Momms.
711 3130 743 3190 φ’.
817 3124 839 3192 ³)
854 3141 999 3190 neququam
1016 3126 1041 3175 θ.
1056 3128 1096 3176 ed.

139 3199 190 3249 Kr.
205 3212 226 3250 s.
290 3196 313 3265 ⁴)
330 3198 386 3249 Nou
401 3213 465 3260 opus
479 3206 516 3248 est
525 3206 620 3262 putare
632 3200 777 3248 excidisse:
790 3199 828 3247 uei
842 3198 909 3247 saluo
924 3198 975 3246 iore
990 3198 1096 3260 pstroui;

139 3287 199 3320 nom
212 3270 260 3320 boc
274 3284 336 3319 cusu
351 3270 417 3317 idem
428 3271 522 3328 ualere,
537 3270 605 3332 quod
613 3271 705 3318 ulteris
715 3269 812 3319 duobus
828 3268 913 3333 (inuito
923 3268 961 3316 uei
972 3275 1097 3317 recusante

138 3340 264 3405 patrono),
279 3355 314 3389 em
327 3341 507 3389 constitutione
525 3339 635 3388 dicioni
648 3341 718 3389 uitro
731 3339 891 3403 sequebatur.

211 3441 236 3513 ἓ.
252 3422 358 3508 ‘W
378 3457 402 3507 1,
417 3458 507 3509 seseq.
527 3455 617 3508 seseq.
637 3456 663 3496 69
676 3460 728 3509 seq.
791 3440 817 3512 §.
833 3447 874 3495 74.
896 3444 934 3507 Os.
956 3456 980 3510 1,
999 3457 1025 3498 lt
1043 3462 1095 3511 seq.

138 3513 165 3585 ξ.
182 3518 223 3567 tc.
245 3516 283 3579 Cf.
299 3529 319 3578 1,
334 3526 367 3567 sc.
382 3528 415 3566 sc.
440 3515 494 3578 Uip.
510 3525 544 3576 eo,
558 3526 591 3564 14.
607 3526 640 3566 15.
