2609 3942
203 197 264 261 198
494 212 556 249 otu
573 213 672 248 ntem.
692 197 712 248 Ι.
732 202 871 250 too-107.

202 361 276 415 sunt,
289 354 347 409 siue
357 354 473 426 primum
485 352 598 426 gradum
608 354 755 409 liberorum
768 355 918 425 optineant,
934 353 1020 425 qualis
1032 362 1074 410 est
1087 353 1158 410 lilius

201 445 228 492 et
251 435 314 508 titia,
336 438 394 492 siue
415 437 587 507 inferiorem,
610 437 696 510 qualis
720 446 761 492 est
784 454 870 510 nepos
893 440 998 509 neptis,
1020 455 1157 512 pronepos

200 522 352 593 proneptis.
379 516 446 579 100.
464 519 495 575 tt
518 521 625 594 quidem
647 521 693 576 illa
715 520 839 593 adoptio,
863 537 932 593 quae
956 536 1005 594 per
1025 522 1156 594 populum

201 601 242 673 lit,
264 619 396 676 nusquam
411 605 464 659 nisi
479 604 579 660 Romae
594 603 640 673 llt3
663 610 690 659 at
703 604 770 659 haec
784 605 863 659 otiam
878 606 905 660 in
921 606 1069 677 prouinciis
1084 609 1159 674 apud

200 686 336 759 praesides
351 703 441 743 earum
457 686 516 743 lieri
536 687 615 744 solet.
651 684 715 744 101.
738 688 803 742 ltern
827 704 875 760 per
896 688 1027 760 populum
1043 689 1156 744 feminae

149 767 190 817 ²⁷·
202 787 258 826 uon
272 769 443 843 adoptantur,
460 786 520 826 nam
534 771 561 825 id
577 773 662 844 magis
677 771 793 843 placult3
809 771 879 844 apud
898 770 903 842 Ι
923 781 1073 845 praetorem
1089 789 1156 828 ucro

200 854 245 910 uel
259 855 288 908 iu
302 855 449 927 prouinciis
472 856 545 927 apud
562 855 753 927 proconsulem
773 852 926 925 legatumne
941 855 1020 910 etiam
1041 855 1156 911 lemicae

200 936 289 992 solent
303 935 435 1009 adoptari
468 933 533 996 100.
550 937 616 993 ltern
630 937 786 1011 inpuberem
802 941 876 1011 apud
888 938 1017 1011 populum
1033 938 1155 1011 adoptari

200 1018 343 1091 aliquando
364 1018 602 1092 prohibiturum,
621 1021 766 1094 aliquando
780 1024 940 1095 permissum
958 1030 1015 1078 est:
1036 1038 1108 1077 nunc
1122 1038 1155 1078 en

199 1101 314 1174 epistula
327 1105 421 1176 optimi
432 1105 601 1175 imperatoris
609 1107 747 1176 Antonini,
761 1121 840 1178 quam
852 1107 962 1178 scripsit
973 1104 1155 1178 pontificibus,

199 1185 223 1239 sl
236 1187 305 1240 iusta
320 1202 399 1241 causa
413 1187 565 1261 adoptionis
582 1204 642 1245 esse
659 1188 803 1265 uidebitur,
816 1205 876 1244 oum
892 1189 1050 1261 quibusdam
1062 1189 1154 1245 condi·

199 1267 322 1324 cionibus
339 1272 498 1344 permissum
514 1280 563 1328 est.
593 1272 664 1345 apud
681 1283 832 1345 praetorem
849 1288 914 1328 uero
932 1281 959 1328 et
970 1274 996 1327 iu
1007 1274 1155 1344 prouinciis

198 1351 269 1425 apud
283 1354 472 1426 proconsulem
483 1355 637 1428 legatumne
648 1358 841 1429 cuiuscumque
852 1349 1044 1432 ’(pntemqoe)¹
1060 1359 1155 1412 aetatis

198 1436 327 1508 adoptare
342 1454 496 1509 possumus.
521 1435 587 1498 103.
599 1433 685 1495 ltlud²
695 1441 838 1511 utriusque
848 1440 1002 1512 adoptionis
1012 1456 1156 1496 commune

199 1527 251 1588 est,
263 1513 428 1591 quotient,
441 1523 487 1593 qui
498 1538 689 1593 generarenon
703 1531 828 1595 possunt,
840 1523 1003 1595 qualescunt
1009 1524 1154 1596 spadones,

199 1601 327 1674 adoptare
338 1612 466 1677 possunt3
481 1603 549 1665 104.
560 1605 678 1662 feminae
690 1622 756 1661 uero
768 1606 843 1661 nullo
856 1606 936 1662 modo
948 1606 1077 1679 adoptare
1090 1623 1155 1679 pos·

198 1693 272 1754 suut,
285 1688 346 1759 quia
357 1704 391 1743 ne
401 1688 508 1759 quidem
517 1689 653 1746 naturales
665 1689 765 1746 liberos
775 1691 803 1744 ln
814 1697 950 1762 potestate
962 1690 1069 1746 habeut.
1085 1688 1153 1747 105.

197 1768 264 1825 Item
278 1764 386 1842 ἐἰ(ιιε)4
400 1774 461 1844 quis
477 1790 526 1845 per
540 1774 671 1845 populum
685 1775 745 1829 siue
764 1775 838 1846 apud
857 1780 1008 1845 praetorem
1023 1774 1067 1829 uel
1083 1772 1157 1846 apud

197 1854 346 1927 praesidem
357 1857 515 1929 prouinciae
522 1857 704 1929 adoptauerit,
717 1865 809 1930 potest
820 1856 934 1912 eundem
942 1856 986 1912 alii
998 1857 1156 1929 lnadoptio-

197 1954 259 1993 nem
269 1938 343 1996 dare.
369 1935 437 1996 106.
447 1937 509 1995 'Sed
525 1948 553 1995 et
567 1941 646 2009 illud,
659 1939 756 2010 (quod)
768 1934 937 2011 quaesitum⁵
948 1948 999 2012 est,
1019 1958 1053 1996 an
1067 1943 1157 1996 minor

197 2030 262 2077 natu
278 2024 405 2078 maiorem
422 2030 486 2077 natu
499 2023 627 2094 adoptare
644 2025 742 2094 possit,
761 2024 901 2095 utriusque
916 2024 1068 2096 adoptionis
1083 2040 1156 2079 com·

198 2122 278 2160 mune
293 2113 345 2160 est.
374 2100 437 2159 107.
448 2104 523 2160 ’Hoc
535 2098 619 2161 ιιενοθ
629 2107 769 2177 proprium
780 2107 888 2161 estelus
903 2108 1065 2179 adoptionis,
1084 2124 1153 2179 quae
1169 2118 1226 2170 [rael

197 2204 246 2261 per
254 2186 384 2259 populum
397 2184 437 2256 fit,
451 2187 523 2259 quod
536 2189 568 2256 is,
582 2191 627 2260 qul
640 2188 741 2244 liberos
752 2191 922 2262 inpotestatc
934 2189 1023 2261 habet,
1035 2193 1059 2245 si
1069 2207 1099 2246 se
1107 2189 1154 2245 ad-

134 2298 137 2303 ·
196 2267 1153 2347 rogandumdederit,nonsolumipsepotestatiadrogatorissulnicltur,

197 2351 244 2408 sed
251 2351 414 2407 etiamliberi
421 2354 479 2408 eius
491 2354 519 2409 in
525 2355 645 2411 eiusdem
651 2356 721 2412 liunt
730 2364 870 2429 potestate
883 2364 1008 2430 tanquam
1014 2351 1152 2434 nepotes!

271 2534 291 2603 ¹)
305 2537 413 2587 Addidi.
468 2534 491 2605 ¹)
505 2555 572 2603 uero,
586 2542 656 2605 qnod
665 2541 691 2591 0.
705 2542 796 2592 etedd.
806 2542 914 2600 addunt,
929 2542 1039 2606 Dipeato
1050 2550 1075 2592 et
1088 2542 1154 2593 Inst.

195 2611 327 2673 ipnoront,
341 2624 376 2657 ex
387 2611 518 2673 geminata
531 2627 546 2659 u
560 2615 630 2661 nocis
648 2613 771 2676 utriusque
789 2620 903 2677 enatum,
923 2614 1004 2663 omini.
1074 2609 1096 2679 ⁸)
1109 2613 1155 2661 Er

195 2679 257 2744 Dip.
271 2685 296 2727 et
309 2678 372 2727 Inst.
388 2680 442 2743 quia
459 2680 483 2730 0.
499 2682 539 2730 ed.
550 2681 597 2746 Bp.
648 2679 670 2748 ⁴)
685 2683 707 2731 si
719 2683 744 2735 C.
754 2682 812 2732 edd.
868 2680 890 2747 ⁶)
904 2689 941 2731 set
955 2682 993 2730 illa
1007 2685 1114 2746 quaestio
1127 2682 1154 2732 0.

196 2750 238 2798 Set
251 2749 310 2798 illud
323 2748 433 2814 (quoque
451 2753 520 2815 quod
537 2751 682 2816 quaesitum)
701 2754 740 2802 ed.
754 2752 803 2817 Bp.
821 2752 860 2801 illa
879 2753 1003 2816 quaestio.
1015 2789 1021 2800 .
1033 2750 1154 2818 .(omt'sso

196 2817 243 2885 est)
257 2826 282 2868 et
296 2821 323 2868 in
338 2821 391 2882 line
409 2823 543 2870 communit
561 2829 599 2870 est
612 2823 651 2871 ed.
666 2822 740 2872 Stud.
805 2819 826 2889 ⁶)
841 2822 886 2871 Ex
900 2823 960 2887 Dip.
976 2822 1029 2871 lllnt
1043 2820 1155 2888 (factum

194 2905 231 2940 ac.
246 2905 281 2939 etc
293 2883 354 2955 nti)
369 2890 394 2940 C.
409 2892 467 2940 edd.

265 3045 291 3116 ξ.
307 3050 367 3100 100.
384 3049 422 3112 Cf.
442 3048 496 3112 tltp.
512 3061 533 3110 ε,
547 3061 568 3100 ι.
645 3045 671 3117 ξ.
689 3052 747 3100 101.
764 3050 802 3114 Of.
821 3049 876 3113 Uip.
891 3062 913 3113 e,
927 3060 948 3102 t.
972 3049 1004 3098 L.
1020 3060 1054 3099 ιι.
1073 3048 1106 3097 Ι).
1121 3049 1167 3098 de·

194 3119 281 3182 adopt.
296 3118 328 3184 (1,
343 3117 375 3183 a).
407 3118 469 3170 dett.
484 3130 505 3180 ε,
519 3131 552 3170 ιε.
573 3119 605 3168 L.
619 3132 640 3171 ε.
662 3119 687 3169 0.
702 3121 734 3169 de
751 3121 838 3183 adopt.
852 3118 941 3185 (εει).
996 3115 1021 3187 5.
1039 3120 1097 3170 102.
1114 3118 1154 3181 Of.

199 3188 254 3252 Uip.
269 3201 291 3252 8,
305 3202 325 3242 t.
345 3191 369 3251 5.
384 3200 404 3240 tt.
424 3188 494 3238 Lde
507 3190 594 3252 adopt.
610 3187 642 3253 (1,
658 3188 703 3254 ιι).
725 3189 788 3240 dett.
803 3194 819 3239 t.
835 3207 857 3240 c.
946 3189 1114 3239 .103.=L.
1132 3201 1154 3240 2.

195 3260 218 3319 ξ.
233 3272 253 3308 ι.
273 3261 316 3308 cit.
331 3261 355 3322 ς.
370 3272 390 3310 o.
409 3258 475 3309 I.de
488 3260 575 3322 adopt.
585 3260 618 3322 (ι,
628 3261 673 3326 ιι).
689 3260 737 3323 tif.
752 3261 839 3324 lltpe
853 3273 874 3312 o.
949 3297 955 3309 .
971 3262 1030 3309 104.
1041 3262 1108 3320 =§.
1119 3271 1155 3310 ιο.

194 3327 288 3379 Leod.
309 3328 347 3391 Of.
362 3328 497 3393 dipem.
548 3325 880 3397 §.105.0f.§.e.1.eod.
951 3330 1156 3393 .10tt.0s.§.e

194 3396 287 3445 Leod.
310 3398 343 3447 L.
358 3411 392 3449 ιε.
415 3400 446 3448 L.
461 3411 495 3450 ro.
519 3401 544 3462 ξ.
558 3412 578 3450 1.
602 3400 635 3449 D.
649 3401 706 3450 eod.
726 3401 757 3464 (ι,
779 3399 809 3465 ι).
836 3401 887 3451 tic.
903 3415 955 3463 pro
973 3401 1048 3450 domo
1066 3411 1100 3450 ιε.
1120 3411 1155 3451 ιι.

194 3461 220 3533 ᾗ.
237 3468 427 3519 101.-ω
450 3471 509 3531 §.a
533 3471 566 3520 1).
579 3471 604 3523 It.
620 3478 637 3520 i.
661 3472 684 3532 ἓ.
700 3483 734 3522 11.
758 3471 852 3524 Leod.
877 3471 916 3533 Of.
935 3470 1062 3534 donne
1080 3470 1113 3518 L.
1129 3480 1157 3521 tn

190 3551 235 3597 pr.
254 3535 285 3584 L.
300 3547 381 3600 topr.
400 3538 433 3585 Ι).
447 3539 472 3587 lt.
487 3546 504 3587 t.
