2609 3942
191 199 269 269 iro
637 212 729 251 cus.

227 350 304 409 enus)
321 347 414 401 locum
432 347 553 399 mutasse
565 343 706 407 videntur,
725 344 866 399 delectum
877 345 987 398 tantum
1000 344 1162 413 graviorum

206 365 281 471 dedi.
316 414 408 468 Bonus
449 412 630 467 aterfamilias
652 412 737 465 etiam
760 412 872 467 deserta
897 411 960 466 loca
980 413 1028 466 vel
1050 413 1163 467 ruinosa

205 483 349 535 fructuosa
369 431 487 534 reddere
511 481 595 548 cupit.
634 479 733 545 Itaque
761 478 925 548 supplendis
950 479 997 545 iis,
1025 495 1099 547 quae
1125 479 1161 533 ab

206 547 421 603 amanuensibus
443 548 544 600 omissa
566 548 631 599 suut
652 561 761 614 quaeve
785 547 897 601 omnino
925 547 974 599 ant
999 551 1077 600 certo
1104 546 1163 615 legi

205 632 261 669 non
279 616 439 684 potuerunt,
456 630 530 667 nunc
548 629 660 681 quoque
672 612 842 681 peculiarem
855 628 970 681 operam
982 612 1092 678 navavi,
1111 612 1162 667 sed

206 699 267 737 earn
285 683 407 735 maxime
424 683 495 746 tum,
513 680 563 733 ubi
581 680 615 733 de
633 679 835 748 supplementis
847 681 875 732 in
890 683 998 733 textum
1011 681 1162 734 admitten-

205 750 249 803 dis
266 750 460 818 quaereretur,
483 764 545 801 cum
562 747 619 799 iam
637 754 713 799 certo
731 747 914 799 fundamento
932 747 1106 814 insistamus,
1125 746 1163 800 ad

206 818 319 870 criticae
337 816 405 869 artis
422 815 549 879 regulam
567 814 689 866 strictius
706 815 873 871 revocatam.
908 814 952 865 Ad
970 829 1082 866 sensnm
1097 830 1130 868 su
1153 843 1162 854 ·

205 883 284 952 plata
300 883 360 936 sive
384 881 514 934 deleticia
531 880 588 934 sive
606 881 709 934 omissa
726 882 756 933 et
776 884 843 933 tunc
860 881 1020 933 huiusmodi
1036 881 1115 934 uncis
1130 831 1162 949 f)

206 954 306 1018 saepta
321 963 489 1017 quamquam
501 947 532 1001 in
547 947 604 1001 illis
622 947 707 1014 spatii
723 963 781 1000 sem
803 963 834 1001 er
846 949 876 1001 et
890 948 938 1000 ubi
955 947 1060 1001 licebat
1076 948 1162 1002 etiam

206 1016 391 1095 vestigiorum
412 1015 565 1092 scripturae
588 1014 724 1068 rationem
745 965 847 1080 habui,
875 1030 911 1068 ne
938 1016 1034 1067 tamen
1061 1015 1102 1068 ita
1129 1031 1164 1069 ea

208 1082 381 1151 acciprantur
398 1098 430 1136 ac
453 1100 477 1135 sr
493 1081 555 1135 aliis
576 1082 670 1136 verbis
692 1081 817 1149 suppleri
834 1098 891 1136 non
912 1081 1033 1150 possint,
1055 1081 1103 1135 vix
1120 1082 1164 1136 est

207 1152 360 1203 utiterum
377 1165 515 1203 moneam.

274 1216 405 1271 Ceterum
418 1217 448 1269 et
459 1233 505 1271 eas
517 1215 620 1269 codicis
630 1215 735 1283 partes,
754 1213 855 1333 quibus
868 1230 903 1268 ex
915 1215 1077 1284 apographo
1090 1231 1163 1270 nova

206 1285 254 1337 lux
272 1299 328 1337 non
347 1283 463 1348 affulsit,
487 1284 579 1336 denuo
597 1283 725 1335 recensui
743 1297 758 1334 e
792 1281 821 1334 in
839 1282 873 1335 iis
890 1298 1003 1350 quoque
1020 1298 1076 1335 non
1094 1298 1162 1351 pan·

208 1367 302 1405 corum
319 1351 443 1405 locorum
462 1350 600 1404 saniorem
617 1348 767 1401 lectionem
785 1348 924 1402 invenisse
943 1348 1012 1402 mihi
1029 1349 1135 1403 videor.

274 1419 351 1472 Haec
369 1418 404 1471 de
422 1417 536 1471 consilio
553 1418 584 1471 et
600 1416 709 1469 ratione
727 1430 816 1468 novae
834 1416 964 1469 editionis
987 1417 1165 1484 praemonita

207 1484 428 1603 sulficeredratus
444 1482 658 1538 benevolentiae
674 1498 738 1535 eam
756 1497 860 1544 eorum,
880 1485 929 1551 qui
947 1499 980 1538 ea
997 1483 1073 1535 usuri
1090 1484 1164 1551 sunt,

208 1567 335 1605 commen
357 1566 381 1604 o.

274 1729 368 1784 Pauca
387 1731 468 1794 sunt,
486 1745 558 1808 quae
570 1729 636 1783 huic
648 1728 792 1797 quintae
811 1730 848 1793 et,
866 1731 898 1782 ut
918 1728 979 1798 ipse
996 1744 1091 1798 spero,
1114 1745 1165 1798 po·

208 1799 330 1853 stremae
347 1813 427 1852 meae
447 1797 597 1851 editioni
613 1797 766 1865 praefanda
783 1796 939 1851 videantur.

277 1863 306 1918 Si
325 1865 387 1932 quis
404 1866 477 1919 forte
495 1864 635 1933 opinetur,
653 1864 827 1917 nuncetiam
840 1863 953 1917 aliunde
965 1865 1165 1932 praeterquam

209 1948 244 1986 ex
266 1931 368 1987 Codice
392 1931 547 1985 Veronensi
570 1930 673 1984 Gaium
694 1930 803 1984 edituro
825 1946 930 1984 novum
956 1929 1110 1984 subsidium
1136 1948 1166 1987 se

209 1999 358 2063 obtulisse,
382 2015 417 2052 ex
443 2014 459 2051 o
481 1997 575 2051 inioue
602 1998 665 2050 dico
687 1996 717 2050 E.
742 1996 770 2051 O.
792 1996 898 2051 Ferrini
924 2013 1016 2066 nuper
1040 1998 1165 2068 vulgata,

209 2066 360 2135 Theophili
380 2081 468 2133 parap
489 2065 564 2117 rasin
584 2064 793 2118 Institutionum
812 2063 948 2119 Graecam
970 2080 1055 2132 quam
1073 2066 1166 2122 denuo

209 2131 385 2187 emendatius
403 2131 486 2184 edere
504 2130 599 2200 coepit
616 2133 651 2201 (a.
671 2132 759 2199 18³4),
780 2132 914 2210 primitus
935 2147 992 2184 non
1009 2131 1165 2199 Iustiniani,

209 2201 242 2252 ut
267 2198 358 2252 adhuc
384 2197 533 2261 creditum,
561 2197 611 2252 sed
632 2198 697 2253 Gaii
722 2199 930 2252 institutionum
952 2198 1166 2254 translationem

210 2263 284 2320 nurci
307 2265 385 2318 πόδα
407 2264 506 2329 fuisse,
529 2265 565 2330 is,
590 2282 635 2320 me
652 2266 768 2335 quidem
784 2266 891 2330 iudice,
910 2264 1032 2330 fallitur,
1056 2267 1167 2321 etiamsi

208 2333 272 2402 plus
298 2331 368 2386 haec
390 2333 483 2400 opinio
506 2349 590 2400 quam
611 2350 642 2387 re
686 2349 805 2402 erpensa
827 2333 926 2396 habet,
953 2333 1073 2387 haberet
1093 2334 1166 2387 veri·

209 2398 411 2477 similitudinis:
425 2398 508 2477 ‚cuins
518 2407 614 2455 tamen
631 2351 730 2454 iudicii
741 2401 864 2454 rationes
876 2399 995 2455 reddere
1008 2402 1038 2454 et
1048 2401 1166 2470 longum

209 2483 261 2521 nec
278 2465 361 2520 huius
378 2466 433 2520 loc1
450 2468 500 2520 est.

277 2532 333 2587 Sed
349 2533 409 2601 ipse
427 2533 515 2587 codex
532 2534 701 2589 Veronensis
718 2536 751 2587 ut
768 2551 862 2587 rursus
879 2532 1020 2601 aliquibus
1038 2535 1106 2588 locis
1122 2536 1165 2588 in·

210 2619 223 2656 s
245 2603 322 2654 ectus
339 2617 413 2654 nova
429 2601 510 2654 nobis
527 2601 645 2671 aperiat,
664 2601 804 2655 indefesso
816 2602 846 2654 et
861 2618 1003 2670 nunquam
1021 2601 1089 2655 satis
1105 2602 1168 2656 lan·

231 2668 304 2721 ando
330 2667 422 2721 studio
449 2667 635 2723 Studemundi
662 2669 816 2734 debemus,
843 2684 917 2736 quae
943 2668 972 2721 in
994 2667 1116 2738 Krfigeri
1138 2671 1169 2723 et

209 2736 297 2789 isius
320 2735 442 2789 editions
469 2736 560 2791 altera
587 2739 678 2804 (1884)
706 2735 757 2788 suh
779 2736 862 2788 titulo
886 2734 1105 2804 ‘Supplemeuta
1130 2735 1168 2789 ad

233 2802 277 2859 od.
291 2802 355 2857 Ver.
368 2803 560 2872 apographum
574 2801 858 2857 Studemundianum’
870 2802 899 2855 in
911 2802 1003 2855 fronte
1015 2819 1043 2870 p.
1055 2802 1168 2856 XVII-

210 2869 325 2925 XXXIX
357 2872 511 2938 praemissa
547 2871 613 2924 sunt
646 2869 737 2938 (uobis
770 2868 906 2938 insignita
939 2868 1054 2936 ‘suppl
1089 2867 1167 2937 St').

210 2937 232 2991 X
270 2954 306 2992 ue
328 2938 463 3002 maxime,
486 2937 554 2990 licet
574 2936 631 2989 iam
653 2937 689 2989 ab
713 2934 774 2988 aliis
799 2935 828 2988 in
851 2935 901 2989 illa
927 2935 1017 2988 altera
1042 2934 1168 2991 editione

210 3008 256 3075 (no
278 3007 301 3058 is
319 3004 377 3059 ‘Xr
397 3004 440 3061 ed.
453 3004 492 3070 2’)
511 3003 649 3068 adhibita,
668 3002 738 3055 mihi
749 3017 870 3069 quoque,
889 3003 921 3054 ut
937 3017 1032 3054 rursus
1048 3001 1092 3054 his
1104 3001 1169 3057 Gaii

209 3071 417 3126 commentariis
445 3069 621 3123 recensendis
648 3070 678 3123 et
706 3067 821 3122 edendis
846 3081 923 3120 meas
952 3081 1064 3134 quoque
1087 3084 1169 3124 curas

211 3138 408 3209 inpenderem,
427 3137 457 3189 in
475 3152 559 3190 causa
576 3136 699 3189 fuerunt.

277 3206 355 3270 Quae
374 3204 487 3272 quidem
500 3218 583 3257 curae
595 3204 664 3271 quin
675 3202 758 3323 {slim
776 3200 965 3279 infructuosae
977 3217 1033 3256 non
1051 3202 1167 3273 fuerint,

210 3274 260 3326 sed
278 3272 349 3325 Gaio
366 3288 422 3325 non
440 3270 536 3339 paucis
553 3285 605 3324 nec
626 3270 662 3324 iis
709 3271 790 3323 ntum
807 3286 837 3322 m
854 3270 934 3335 locis,
977 3285 1030 3325 uae
1049 3270 1168 3340 Supple-

210 3339 307 3392 menta
330 3337 381 3391 illa
406 3338 548 3415 spectant,
574 3336 685 3415 plenius
708 3338 738 3391 et
760 3337 862 3415 rectius
884 3337 943 3391 sive
957 3287 1086 3407 <legendo
1108 3338 1169 3394 sive

210 3404 310 3458 intelle
332 3405 404 3457 endo
416 3405 581 3473 profuerint,
593 3405 636 3458 rte
646 3420 704 3458 non
717 3404 825 3470 dub1to,
844 3406 877 3458 ut
888 3405 957 3460 alios
969 3421 1089 3474 quoque,
1109 3407 1168 3473 qui,

211 3473 245 3525 nt
260 3422 369 3547 Tuldius
387 3471 440 3533 ait,
454 3487 517 3549 ‘non
535 3471 615 3542 vulgi
632 3489 710 3527 more
729 3488 764 3527 ex
781 3472 911 3541 opinione
929 3471 979 3527 sed
997 3488 1032 3527 ex
1050 3473 1169 3527 veritate

211 3554 256 3592 res
274 3538 432 3603 aestimant,
451 3538 623 3594 1udrcaturos
641 3556 710 3611 esse,
733 3555 856 3612 sperem,
879 3541 1000 3594 maxime
1018 3540 1041 3594 si
1059 3541 1169 3594 contro·
