2609 3942
440 204 498 239 6111
515 207 615 241 rusum.
634 189 682 242 IV.
703 195 819 243 tur-21.
969 194 976 208 '
1045 191 1106 256 351

148 338 205 398 1⁷³.
222 382 230 399 .
250 385 256 398 .
273 341 478 400 'obseruabant
494 336 497 421 l
515 346 585 399 eninr
605 347 724 401 eundem
749 348 821 402 diem
841 353 868 403 et
889 348 1031 421 aequalem
1049 367 1107 406 mo·
1127 358 1183 409 196.

150 427 217 482 dum
238 426 361 499 capiendi
384 427 480 482 iudicis
502 429 729 500 conldiaendique
751 431 836 497 diem,
859 448 914 503 quo
940 432 971 487 ad
993 433 1106 489 iudicem

151 509 307 582 capiendum
323 519 432 583 praesto
448 527 507 566 csse
523 504 689 577 delborent.¹
728 513 871 569 condicere
893 521 982 569 autem
1004 515 1107 571 ‹lenun-

153 595 219 648 tiare
235 601 277 648 est
291 595 380 667 prisea
395 593 495 667 lingua.
512 602 517 657 1
533 590 578 656 18.
595 594 688 668 ltaque
708 596 774 653 haec
789 597 896 669 quidem
912 599 982 653 actio
998 601 1108 671 proprie

83 685 137 739 [rao]
153 676 287 732 condictio
304 676 465 734 uocabatur:
484 694 544 733 nam
560 686 636 734 actor
651 679 806 735 aduersario
822 679 1010 750 denuntiabat,
1031 680 1108 736 ulad

151 759 267 816 iudicem
283 762 440 834 capiendum
462 762 504 818 die
523 777 596 819 xxx.
613 762 736 832 adesset3
760 780 832 819 nune
847 780 913 819 uero
928 780 984 819 non
998 766 1125 837 proprie,

151 843 350 901 condictionem
365 845 477 901 dicimus
491 845 528 901 'in
543 863 686 919 personam
698 848 841 917 actionem,
857 841 929 921 qua²
943 847 1107 903 intendimus

151 928 211 983 dari
233 928 312 984 nobis
338 938 480 1003 oporteret
512 930 586 986 nulla
613 932 684 987 enim
711 932 763 987 hoc
791 940 913 1005 tempore
939 948 973 987 eo
999 933 1107 987 nornine

150 1011 320 1068 denuntiatio
341 1011 380 1073 fit.
415 1008 459 1070 19.
477 1013 547 1070 Haec
562 1023 651 1070 autem
671 1015 739 1090 legis
755 1016 824 1071 actio
839 1017 987 1072 constituta
1002 1023 1043 1071 est
1058 1032 1107 1088 per

150 1094 239 1169 legem
251 1095 342 1152 Siliam
355 1107 383 1154 et
394 1096 574 1171 Calpurniam,
590 1098 651 1172 lege
670 1098 777 1172 quidem
790 1098 854 1155 Silia
865 1108 955 1156 certae
966 1101 1104 1173 pecuniae,

150 1178 212 1253 lege
226 1195 292 1236 uero
309 1180 449 1255 Calpurnia
464 1182 497 1239 de
513 1184 585 1240 omni
600 1191 674 1240 serta
689 1200 728 1240 re.
765 1178 818 1242 20.
833 1182 920 1250 Quare
936 1191 1025 1239 autern
1041 1184 1106 1239 haec

150 1264 219 1319 aetio
235 1263 385 1321 desiderata
401 1269 448 1338 sit,
464 1283 525 1323 cum
540 1266 573 1322 de
589 1284 632 1336 co,
652 1266 725 1340 quod
742 1268 819 1322 nobis
834 1267 891 1322 dari
906 1274 1025 1340 oportet,
1048 1267 1106 1339 'po-

151 1347 285 1404 tuerimus
300 1343 360 1403 aut8
373 1359 540 1406 sacramento
556 1358 603 1405 aut
617 1366 668 1423 per
682 1350 777 1405 indicis
792 1350 1003 1422 postulationem
1014 1365 1106 1423 agere,

149 1429 229 1485 ualde
244 1433 397 1502 quaeritur.

214 1507 258 1571 21.
279 1513 334 1568 Per
349 1500 441 1570 manus
457 1515 626 1569 iniectionem
642 1530 727 1586 aeque
738 1504 801 1593 (de)
816 1515 857 1570 his
872 1514 952 1571 rebus
966 1515 1106 1590 agebatur,

151 1646 351 1695 vindicationem
356 1645 523 1708 pertinebant
531 1645 607 1709 (Geli.
618 1657 652 1708 66,
663 1658 697 1697 16.
714 1646 765 1695 Cic.
772 1662 824 1709 pro
835 1647 905 1697 Mur.
915 1649 951 1713 16)
966 1650 1107 1708 addidisse,

151 1716 245 1765 deinde
263 1716 299 1765 ad
317 1717 382 1781 lepis
400 1717 538 1773 actionem,
558 1732 622 1779 quae
636 1731 688 1778 per
702 1717 797 1765 iudicis
814 1721 1011 1779 postulationem
1021 1719 1108 1780 fiebat,

151 1787 297 1844 transiisse,
308 1787 335 1834 in
345 1801 396 1850 qua
405 1792 430 1834 et
435 1786 523 1848 forma
532 1786 629 1850 apendi
637 1787 836 1836 demonstranda
847 1786 890 1853 (V
886 1790 950 1840 ulcr,
958 1788 1054 1837 Proba
1060 1790 1106 1849 fin.

153 1856 219 1906 Fest.
232 1873 255 1906 u.
269 1856 382 1906 Procum
387 1872 414 1919 p.
425 1855 476 1920 646)
486 1856 623 1920 siquando
633 1858 715 1906 locum
725 1856 885 1915 inluminet
894 1859 957 1921 quid
965 1857 997 1907 ab
1007 1857 1107 1908 arbitro

151 1929 193 1976 liti
206 1928 381 1976 aestimandae
394 1926 569 1991 similibusque
583 1926 692 1976 arbitris
706 1928 796 1990 petitis
810 1928 953 1986 distulerit,
971 1929 1108 1977 dicendum

151 2004 223 2054 eran·
233 1999 320 2062 itaque
329 1999 385 2048 sinc
394 1997 471 2048 dubio
481 1999 557 2046 etiam
566 1999 695 2060 exposuit,
705 1999 794 2045 iurem
801 1999 916 2047 actiones
924 1999 973 2047 loc
980 1999 1052 2047 modo
1058 2014 1108 2060 per

150 2070 312 2132 mundonem
321 2070 468 2132 explicatas
477 2083 532 2117 esse
542 2066 588 2134 (cf.
600 2064 706 2117 ‘Gaius'
714 2083 742 2130 p.
751 2066 810 2132 166).
830 2068 946 2132 Denique
956 2070 983 2116 in
993 2075 1109 2117 extrema

151 2139 796 2206 alterapaqinaadcondictionemtransitumfecit.
837 2135 856 2202 ¹)
865 2138 939 2187 Haec
947 2153 1109 2203 quaesccun·

151 2210 211 2259 duan
222 2209 314 2260 Scited.
327 2211 490 2259 restitueram
503 2207 560 2275 (sed
572 2206 634 2259 ‘non
646 2210 679 2259 dc
693 2223 843 2273 unoquoque
856 2208 933 2259 uerbo
946 2206 1108 2275 spondens'),

147 2287 210 2343 post
223 2281 351 2344 cognitum
370 2275 414 2327 Vlt
423 2282 503 2341 paulo
517 2286 614 2329 mutata
628 2282 704 2329 ctiam
717 2295 786 2329 nune
800 2281 886 2344 quoad
899 2295 1000 2330 sensum
1013 2287 1038 2329 et
1052 2281 1108 2330 cod.

152 2350 263 2414 uestiqia
272 2349 382 2397 manime
389 2349 540 2397 verisimilia
547 2363 601 2398 esse
608 2351 682 2400 duco.
698 2350 746 2399 Kr.
756 2351 795 2399 cd.
803 2362 816 2400 6
825 2351 1005 2401 tantumdabet
1014 2352 1109 2415 qualem

152 2425 248 2482 etpost
258 2433 310 2481 pro
324 2418 435 2481 capiendi
449 2418 536 2466 indicis
550 2434 598 2467 con
615 2414 619 2486 l
631 2422 730 2481 purtim
743 2436 777 2469 cx
786 2420 885 2470 Bluim.
900 2421 993 2472 Seied.
1012 2423 1108 2485 capien-

152 2491 208 2540 dnm
223 2489 310 2538 indicio
327 2483 331 2557 l
347 2488 447 2537 Deinde
460 2486 548 2536 Sidus
562 2489 658 2550 priora
672 2490 699 2536 in
713 2491 812 2539 incerto
825 2493 975 2556 relinquens
988 2493 1109 2542 malebat:

152 2562 195 2610 dic
209 2556 319 2624 XX(X)
329 2559 359 2608 ad
369 2559 472 2608 indicem
486 2558 627 2621 capiendum
640 2565 737 2620 praesto
751 2573 805 2606 esse
819 2559 947 2611 debebant.
972 2563 1003 2612 In
1016 2563 1041 2612 0.
1048 2570 1109 2626 post

153 2631 217 2679 euim
227 2631 325 2693 fuerit:
339 2630 409 2678 cnud.
420 2630 483 2678 diem
497 2636 521 2676 et
533 2628 649 2691 equalem
663 2627 726 2675 mod.
737 2628 969 2695 capiendindici(s)e'
982 2629 985 2699 Ι
997 2633 1109 2696 dicendir'p

153 2702 215 2764 dieq.
227 2702 256 2750 ad
267 2701 370 2750 indicem
383 2700 524 2764 capiendum
534 2705 582 2748 etc.
608 2698 805 2747 Praecesscriut
814 2713 874 2747 uero
883 2699 942 2760 fere
950 2700 1029 2751 Ilaec:
1043 2700 1109 2751 ‘Per

125 2817 129 2823 .
152 2772 339 2821 condictionem
352 2777 450 2820 tantum
464 2769 589 2835 a‘pcbatur
603 2768 779 2826 denuncias,
794 2782 858 2832 quas
872 2768 944 2818 nobis
958 2772 1019 2819 dari
1032 2787 1108 2833 opor-

152 2849 196 2900 tet,
211 2857 285 2906 quam
299 2843 423 2890 uodonem
437 2842 513 2890 etiam
523 2855 591 2889 nunc
601 2840 788 2889 condictionem
803 2853 930 2888 uocamus.
953 2840 987 2887 Et
998 2839 1109 2902 perinde

149 2913 209 2975 fere
218 2913 266 2962 loc
276 2913 348 2962 modo
359 2910 477 2976 agebunt,
487 2911 603 2967 detracto
611 2917 694 2959 tamen
704 2911 760 2973 ipso
768 2916 937 2967 sacramento,
948 2925 980 2958 ac
987 2911 1012 2958 si
1017 2924 1108 2958 sacru·

152 2990 234 3032 mento
249 2984 276 3031 in
287 2997 426 3046 personam
435 2977 577 3047 ageretur)
630 2976 651 3045 ¹)
662 2981 779 3030 actionem
789 2980 813 3028 in
822 2994 948 3044 personam
959 2979 1033 3045 (esse,
1048 2980 1108 3046 qua)

152 3067 188 3102 ea·
203 3053 228 3104 0.
243 3060 268 3102 et
281 3053 345 3102 Iust.
360 3052 423 3101 Inst.
438 3053 478 3102 cd.
492 3051 540 3116 Bp.
563 3049 617 3100 Sed
629 3052 669 3100 ed.
684 3061 705 3102 6.
720 3058 748 3100 ut
762 3066 816 3101 nos.
869 3047 891 3116 ³)
902 3051 1036 3113 potnerita
1056 3047 1108 3099 Vnt,

223 3173 248 3244 ξ.
265 3178 320 3226 lli.
341 3175 378 3238 Of.
394 3176 417 3236 ξ.
433 3184 465 3226 16.
486 3181 510 3224 et
529 3174 566 3224 ibi
579 3181 629 3224 not.
645 3185 666 3224 6.
681 3171 821 3241 condicere]
837 3197 871 3217 =
885 3176 908 3236 6.
924 3184 956 3225 16.
977 3174 1045 3223 Lde
1060 3181 1109 3226 act.

152 3246 185 3313 (4,
199 3246 231 3311 6).
285 3241 310 3313 §-
326 3247 367 3296 18.
389 3245 427 3308 Cf.
441 3257 463 3306 4,
477 3256 497 3297 6.
513 3256 546 3296 aa.
566 3246 589 3306 ξ.
600 3255 633 3295 15.
648 3244 671 3293 J.
686 3245 718 3293 dc
732 3251 782 3294 act.
794 3246 826 3309 (4,
835 3244 867 3309 6).
883 3245 948 3293 Fest.
960 3259 998 3306 ep.
1009 3261 1031 3293 u.
1045 3245 1108 3293 Con·

152 3318 240 3388 dictio.
262 3316 402 3366 Condicere
412 3331 440 3379 p.
455 3327 488 3366 64.
499 3326 533 3367 66.
550 3315 601 3364 Cic.
609 3329 662 3377 pro
679 3313 763 3374 Quint.
779 3327 799 3365 6.
814 3317 838 3376 ἓ.
848 3327 883 3366 66.
902 3314 995 3363 Donat.
1010 3316 1046 3364 ad
1063 3314 1108 3364 Te·

151 3393 218 3437 rent.
239 3386 342 3435 Piorm
358 3398 378 3447 1,
393 3396 413 3434 6.
433 3401 454 3434 u.
470 3398 503 3437 tt.
522 3383 595 3435 Seru.
610 3385 647 3434 ud
660 3385 725 3434 Aen.
740 3397 761 3446 6,
776 3396 823 3435 117.
878 3380 902 3452 §.
918 3386 960 3434 21.
982 3384 1020 3448 Cf.
1034 3383 1107 3436 Seru.

152 3458 188 3506 ad
201 3455 266 3505 Aen.
282 3468 316 3517 10,
330 3467 377 3506 419.
398 3455 441 3503 Fr.
463 3454 520 3504 Vat.
536 3468 555 3507 6.
578 3452 688 3522 iudicati]
704 3456 738 3518 cf.
760 3454 823 3504 Gall.
838 3466 872 3516 66,
888 3467 907 3504 1.
927 3453 1059 3522 uindicem]
1073 3458 1107 3514 cf.

152 3529 176 3588 ἓ.
186 3538 219 3579 66.
231 3527 277 3589 fin.
294 3525 359 3575 Fest.
374 3540 396 3573 u.
416 3524 521 3574 Vindea
531 3537 615 3589 36666.
629 3525 719 3576 Boetia
730 3526 767 3576 ud
777 3526 829 3575 Cic.
844 3525 903 3589 Top.
915 3538 935 3576 2.
950 3529 974 3588 ἓ.
985 3539 1018 3578 16.
1030 3543 1058 3591 p.
1069 3539 1107 3578 661
