2609 3942
203 178 263 242 196
512 190 573 226 om
590 191 686 225 ursum.
704 173 724 225 L
743 178 852 227 92-96.
872 236 879 243 ι

201 349 334 408 praegnas
355 346 389 387 ex
404 329 641 387 senatusconsulto
657 329 800 386 Claudiano
821 328 916 386 ancilla
936 329 1007 386 iacta
1021 333 1056 387 sit
1072 332 1107 387 ob
1122 332 1159 405 id,

202 416 276 490 quod
292 416 378 471 alieno
394 431 475 470 seruo
490 415 578 470 inuito
601 421 629 470 et
650 413 826 470 denuntiante
848 414 957 469 domino
980 416 1038 471 eins
1062 412 1160 491 (coiit),

202 499 346 573 conplures
367 501 542 572 distinguunt
569 507 598 554 et
626 499 796 569 existimant,
826 499 848 552 si
876 497 983 569 quidem
1017 515 1049 553 ex
1081 500 1160 555 iustis

201 584 303 658 nuptiis
315 590 462 655 conceptus
473 585 520 652 sit,
532 584 617 638 ciuem
623 580 772 637 Romanum
780 597 812 636 ex
825 597 857 637 ea
865 582 949 651 nasci,
962 583 984 637 si
996 598 1062 638 uero
1075 582 1159 656 uolgo

201 675 349 740 conceptus
360 668 406 735 sit,
424 683 543 722 seruum
559 666 632 720 nasci
651 666 718 732 eius,
734 666 810 721 cuius
828 665 1000 721 materiante
1019 674 1093 721 esset
1113 683 1159 722 an·

201 751 272 808 oilla.
307 745 357 807 92,
369 751 523 821 Peregrina
538 765 647 821 quoque
663 750 685 804 si
700 748 786 820 uulgo
801 750 965 822 conceperit,
981 749 1077 806 deinde
1092 752 1159 805 ciuis

201 834 319 890 Romana
333 833 422 905 'foeta
436 848 509 887 nunc
526 826 632 904 ¹pariat,
649 833 735 888 ciuem
750 831 898 887 Romanum
914 833 999 904 parit3
1015 833 1038 887 si
1049 848 1115 888 uero
1128 850 1161 888 ex

151 928 192 978 25.
202 918 346 991 peregrino
360 907 364 993 i
376 914 523 971 secundum
530 914 970 989 legesmoresqueperegriuorum
977 918 1112 988 concepit,
1124 918 1160 972 ita

202 1000 310 1055 uidetur
321 1014 353 1053 er
365 999 614 1068 senatusconsulto,
631 999 705 1071 quod
720 1008 829 1054 auctore
841 999 904 1054 diuo
918 997 1049 1055 Hadriano
1062 999 1160 1055 iactum

201 1091 254 1152 est,
274 1082 361 1137 ciuem
382 1082 530 1137 Romanum
550 1097 662 1154 parere,
683 1084 706 1137 si
727 1090 755 1138 et
774 1083 844 1155 patri
861 1084 919 1138 eius
934 1084 1029 1139 ciuitas
1044 1082 1161 1139 Romana

201 1160 351 1221 donetur.²
999 1180 1006 1195 ‘

264 1244 313 1307 93.
330 1248 359 1305 Si
372 1250 534 1324 peregrinus
556 1248 607 1304 sibi
628 1248 774 1322 liberisque
794 1251 850 1305 suis
866 1251 1001 1306 ciuitatem
1016 1249 1160 1306 Romanam

201 1334 321 1408 petierit,
343 1350 399 1389 non
422 1333 500 1388 aliter
515 1331 563 1389 iiiii
585 1335 612 1389 in
631 1341 768 1406 potestate
788 1334 847 1388 eius
867 1331 951 1404 fiunt,
972 1350 1050 1407 quam
1071 1335 1093 1388 si
1109 1336 1159 1390 irn-

201 1424 312 1491 perator
325 1432 373 1472 eos
387 1419 414 1471 iu
431 1423 593 1489 potestatem
608 1416 760 1490 redegerit:
776 1415 849 1489 qnod
870 1416 906 1472 ita
926 1416 1033 1471 demum
1047 1418 1070 1471 is
1086 1417 1160 1488 iacit,

202 1503 226 1555 ai
240 1515 320 1555 causa
343 1501 452 1573 cognita
467 1501 660 1571 aestimauerit,
683 1500 735 1555 boc
756 1498 818 1555 filiis
841 1498 981 1572 expedire:
1004 1499 1160 1573 diligentius

202 1591 290 1639 autem
313 1584 487 1655 exactiusque
509 1599 615 1639 causam
638 1585 780 1656 cognoscit
803 1582 836 1638 de
861 1582 1044 1655 impuberibus
1067 1583 1161 1639 absen-

202 1666 342 1741 tibusque:
365 1674 393 1722 et
415 1667 479 1722 baec
499 1668 536 1722 ita
556 1667 646 1724 edicto
668 1667 724 1722 diui
740 1666 863 1722 Hadriani
882 1665 1079 1739 significantur.
1109 1663 1160 1723 94.

200 1751 306 1808 ltemsi
326 1751 462 1824 quiscum
478 1766 563 1807 uxore
583 1759 750 1825 praegnante
771 1752 882 1807 ciuitate
904 1749 1019 1806 Romana
1044 1749 1160 1806 donatus

201 1837 245 1905 ait,
262 1835 386 1908 quamuis
401 1837 435 1905 is,
451 1836 498 1907 qui
512 1837 641 1906 nascitur,
659 1843 688 1891 ut
703 1851 784 1907 supra
799 1833 864 1904 diri,
879 1834 946 1890 ciuis
965 1833 1100 1889 Romanus
1116 1836 1160 1904 sit,

202 1928 291 1974 tamen
311 1920 339 1974 in
360 1926 497 1991 potestate
516 1921 602 1990 patris
624 1934 678 1973 nou
705 1915 750 1973 fit:
779 1915 860 1989 idque
887 1916 1085 1989 subscriptione
1107 1917 1162 1973 diui

203 1995 398 2058 ’sanctissimi³
413 2000 538 2055 Hadriani
552 1998 731 2073 significatur.
760 2015 811 2071 qua
823 1999 856 2055 de
867 2003 1002 2074 consequi
1015 2001 1161 2074 intellegit,

202 2101 314 2142 uxorem
329 2101 406 2139 snam
421 2098 482 2138 esse
496 2091 688 2155 praegnatem,
702 2082 765 2137 dum
777 2084 914 2140 ciuitatem
928 2084 978 2140 sibi
994 2092 1021 2140 et
1036 2087 1113 2141 uxori
1129 2085 1161 2141 ab

201 2170 364 2240 imperatore
378 2166 455 2237 petit,
478 2165 559 2220 simul
575 2165 719 2221 abeodem
740 2174 833 2240 petere
853 2167 944 2240 debet,
967 2177 997 2223 ut
1019 2184 1091 2239 eum,
1115 2171 1162 2242 qui

201 2260 281 2306 natus
297 2250 359 2319 erit,
374 2250 401 2303 iu
416 2256 553 2320 potestate
569 2265 618 2305 sua
633 2248 738 2306 habeat.
768 2246 815 2307 95.
832 2251 889 2306 Alia
904 2267 982 2308 eausa
997 2260 1041 2307 est
1055 2268 1160 2323 eorum,
1177 2273 1235 2327 [1241

203 2334 249 2405 qui
264 2331 344 2387 'Latii
363 2324 441 2387 iure⁴
460 2348 521 2386 cum
544 2331 634 2389 liberis
655 2335 712 2389 suis
732 2333 764 2389 ad
780 2335 917 2391 ciuitatem
932 2335 1078 2392 Romanam
1100 2352 1160 2409 per-

203 2416 332 2484 ueniunt;
355 2431 417 2470 uam
432 2417 530 2471 borum
545 2418 571 2471 in
590 2425 727 2490 potestate
743 2416 812 2473 fiunt
827 2417 912 2477 liberi.
945 2414 995 2475 96.
1012 2414 1102 2487 ⁵Quod
1118 2422 1161 2475 ius

276 2545 296 2613 ¹)
317 2543 361 2597 V't
376 2551 533 2612 pontoium
551 2552 698 2600 litterarum
714 2552 837 2614 spatium,
860 2557 914 2600 tunc
937 2551 1033 2601 babere
1051 2553 1161 2601 uidetur.

204 2619 294 2668 bberit
312 2620 372 2667 iacta
385 2622 424 2670 b‘c.
488 2615 569 2685 ²)Eoe
591 2617 643 2674 Vnt·
675 2620 782 2670 Rectius
800 2636 861 2670 cero
877 2636 930 2683 pro
949 2623 1021 2670 donet
1038 2625 1163 2686 seriptum

200 2690 272 2753 foret
290 2689 375 2738 donata
394 2692 433 2740 sit.
499 2686 551 2755 ⁰)s
576 2689 626 2740 W.
646 2692 681 2754 ef.
701 2703 721 2753 1,
741 2703 774 2742 tt.
839 2688 861 2756 ⁴)
877 2691 922 2740 Sic
940 2695 1098 2742 nuncetiam
1117 2689 1165 2740 V³t

203 2760 281 2808 Latini
301 2767 356 2809 sunt
374 2768 399 2810 et
416 2760 473 2810 edd.
499 2760 537 2823 Cf.
553 2762 584 2810 de
602 2761 650 2811 boe
669 2769 694 2810 et
711 2762 743 2810 de
761 2768 815 2811 toto
829 2776 858 2809 re
868 2768 930 2823 post
943 2762 1059 2826 Madvig.
1074 2776 1162 2823 opusc.

198 2846 227 2894 p⁴
242 2840 289 2881 att.
308 2829 351 2883 tib.
370 2839 485 2882 nonnum
504 2827 608 2880 ‘Gaius’
628 2846 654 2893 p.
673 2842 686 2881 o
709 2847 760 2895 seq.
780 2839 806 2880 et
829 2831 949 2894 Rudorfii
966 2832 1032 2894 disp.
1052 2832 1111 2880 orit.
1130 2832 1163 2880 de

202 2902 300 2951 maiore
318 2917 358 2951 ac.
377 2903 437 2951 min.
453 2900 540 2950 Latio.
555 2900 642 2950 Berol.
658 2912 717 2953 teon.
783 2899 803 2966 ⁶)
819 2901 892 2951 Num.
907 2903 935 2963 §i
948 2902 1006 2950 edd.
1021 2914 1041 2952 1.
1052 2914 1072 2952 s.
1087 2903 1162 2952 omio-

201 2986 257 3022 aum
270 2973 314 3021 bie
323 2987 422 3035 ponere
434 2972 544 3035 placuit.

203 3096 235 3145 L.
250 3108 271 3148 t.
290 3098 329 3157 ἐξ.
345 3105 365 3144 a.
385 3106 406 3145 e.
425 3092 458 3141 L.
472 3104 506 3144 18.
530 3093 562 3141 D.
578 3094 609 3142 de
623 3100 692 3143 statu
706 3094 771 3144 bom.
791 3093 822 3159 (1,
838 3094 870 3158 4).
899 3095 932 3143 L.
946 3105 967 3144 4.
1002 3092 1028 3142 C.
1043 3093 1075 3142 de
1085 3108 1163 3156 poen.

203 3164 236 3231 (a,
249 3166 294 3231 m).
358 3161 384 3232 §-
399 3166 442 3214 92.
459 3163 497 3226 Of,
512 3165 552 3224 ἕξ.
567 3173 601 3215 aa.
616 3174 650 3215 ae.
714 3160 740 3232 5.
755 3167 797 3215 93.
814 3164 852 3228 Cf.
867 3166 964 3226 a‚1aa⁸.
982 3175 1004 3226 a,
1018 3175 1052 3215 so.
1073 3164 1163 3213 Cottae.

203 3247 237 3297 1⁶,
252 3249 272 3289 a.
292 3238 315 3298 ἃ.
331 3248 351 3287 a.
371 3235 441 3283 Ptin.
461 3249 499 3296 ep.
519 3245 557 3295 10,
575 3244 596 3284 c.
616 3233 715 3299 Poneg.
734 3246 768 3285 ot.
787 3250 869 3298 cupra
888 3237 910 3296 §-
926 3246 959 3286 55.
1024 3230 1049 3301 ἕ
1064 3237 1107 3285 94.
1124 3234 1164 3298 Cf.

204 3306 228 3364 §-
242 3317 275 3356 92.
339 3301 365 3373 fi.
380 3307 422 3356 95.
439 3304 506 3362 Quod
517 3299 565 3369 ius]
583 3302 621 3367 Of.
634 3303 769 3353 Asconio
785 3304 837 3354 Cic.
848 3305 938 3355 Pison,
949 3321 978 3368 p.
989 3316 1009 3355 n.
1025 3304 1093 3353 Bait.
1111 3304 1164 3354 Cio.

205 3374 241 3421 ad
254 3373 333 3423 Attio.
348 3378 416 3436 ⁶911·
436 3377 459 3436 §-
475 3387 495 3425 ς.
515 3372 585 3424 Suet,
595 3373 663 3438 Aeg.
673 3386 707 3426 ta.
726 3373 819 3424 Strabo
830 3386 852 3438 a,
867 3389 887 3425 1.
902 3377 925 3438 ὅ.
942 3387 974 3426 te.
986 3390 1014 3437 p.
1025 3386 1072 3424 lac.
1093 3374 1164 3424 Ptin.

207 3441 238 3492 Ν.
254 3441 288 3492 H.
303 3442 406 3507 a‚o().
426 3447 465 3505 §5-
481 3456 514 3495 ro.
530 3455 563 3494 so.
579 3455 711 3495 anucco.
727 3460 748 3494 e.
764 3443 860 3510 mma).
880 3447 960 3508 §.aaa
985 3443 1065 3493 Tacit.
1081 3444 1113 3493 Α.
1129 3456 1164 3507 16,

205 3523 239 3579 at.
258 3510 293 3559 II.
308 3522 330 3573 a,
343 3521 377 3562 ot.
398 3512 467 3561 Ptin.
482 3529 577 3578 paneg.
596 3526 631 3566 ot.
645 3526 680 3567 ao.
699 3513 832 3579 Spartica.
847 3516 933 3564 Hodr.
953 3525 987 3565 no.
1010 3513 1087 3564 Orell.
1101 3526 1164 3567 toto.
