2609 3942
453 195 627 232 onn1ner1r.
648 180 669 237 Ι,
688 185 797 236 86-91.
1049 182 1109 248 195

148 334 258 391 liberam
274 351 349 404 esse,
364 337 476 407 coierit,
492 336 624 408 siquidem
640 337 751 393 masculi
766 346 925 409 nascantur,
945 338 1022 394 liberi
1043 339 1108 408 sint,

147 419 170 472 si
186 434 252 474 uero
269 419 392 488 leminae,
408 419 441 475 ad
458 436 520 476 eum
535 422 699 494 pertineant,
720 422 795 476 ciuus
811 430 896 476 mater
910 422 1003 477 ancilla
1019 422 1109 479 luerit

148 501 194 557 sed
211 509 239 557 et
254 504 281 557 in
293 502 342 558 hac
352 505 443 575 specie
455 504 535 558 diuus
547 503 736 575 Vespasianus,
752 503 914 576 inelegantia
926 507 992 560 iuris
1004 514 1106 575 motus,

151 587 271 642 restituit
285 588 352 641 iuris
368 589 488 657 gentium
502 587 635 660 regulam,
651 595 683 641 ut
698 586 863 657 omnimodo,
879 589 983 643 etiamsi
998 589 1108 645 masculi

152 677 307 737 nascantur,
323 672 396 725 serui
411 672 466 725 sint
481 673 550 741 eius,
565 671 643 725 cuius
659 679 686 725 et
701 678 787 725 mater
801 669 894 726 luerit.
928 666 978 727 86.
994 670 1047 726 Sed
1061 670 1107 726 illa

150 769 213 825 pars
229 752 348 809 eiusdem
364 753 433 828 legis
448 754 521 809 salua
537 763 587 824 est,
604 763 635 808 ut
647 753 769 809 erlibera
782 761 810 809 et
820 770 902 809 seruo
914 754 1011 824 alieno,
1028 770 1107 826 quern

83 872 84 876 =
151 835 253 893 sciebat
272 853 383 893 seruum
404 855 475 907 esse,
497 840 569 893 serui
584 846 736 894 nascantur.
769 838 861 910 itaque
875 837 945 911 apud
961 853 1031 910 quos
1048 836 1107 892 talis

149 920 194 975 lex
208 937 262 976 non
279 930 330 989 est,
347 922 392 994 qui
408 925 540 991 nascitur,
556 922 615 977 iure
630 918 751 995 gentium
764 922 857 977 matris
869 922 1054 978 condicionem
1067 935 1108 975 se·

147 1005 243 1077 quitur
257 1013 285 1060 et
301 1004 335 1060 ob
350 1005 376 1059 id
392 1003 459 1059 liber
474 1014 525 1060 est.

208 1084 256 1144 87.
280 1087 381 1155 Quibus
404 1097 494 1145 autem
517 1087 622 1146 casibus
639 1090 730 1144 matris
746 1098 773 1144 et
793 1106 849 1144 non
870 1090 953 1162 patris
970 1088 1105 1145 condicio-

55 1230 60 1240 ,
146 1189 207 1227 nem
230 1174 355 1244 sequitur
377 1173 423 1246 qui
445 1175 578 1247 nascitur,
594 1172 689 1228 iisdem
709 1172 815 1228 casibus
837 1175 864 1227 in
887 1177 1023 1245 potestate
1045 1188 1106 1229 eum

146 1258 240 1330 patris,
256 1258 360 1312 etiamsi
375 1258 397 1312 is
413 1257 480 1312 ciuis
492 1258 627 1314 Romanus
642 1257 687 1324 sit,
704 1273 759 1312 non
775 1273 835 1312 esse
851 1255 911 1328 plus
927 1271 1007 1328 quam
1022 1256 1106 1311 mani-

146 1340 246 1395 lestum
269 1348 321 1396 est.
366 1349 393 1396 et
408 1341 471 1396 ideo
486 1341 612 1413 superius
627 1340 800 1411 rettulimus,
823 1337 983 1412 quibusdam
1000 1337 1105 1394 casibus

145 1439 195 1497 per
213 1440 334 1479 errorem
356 1439 410 1479 non
433 1425 505 1480 iusto
528 1431 669 1479 contracto
690 1425 860 1480 matrimonio
881 1432 1003 1479 senatum
1023 1423 1107 1477 inter·

147 1508 240 1562 uenire
262 1514 289 1561 et
312 1508 453 1563 ementiare
475 1509 572 1562 uitium
588 1508 761 1578 matrimonii,
777 1523 865 1580 eoque
880 1507 961 1563 modo
978 1506 1106 1578 'plerum-

147 1582 219 1661 que¹
235 1587 351 1658 efficere,
367 1598 398 1644 ut
413 1592 441 1644 in
456 1598 618 1662 potestatem
633 1591 717 1662 patris
729 1588 800 1646 filius
815 1590 963 1664 redigatur.
987 1586 1036 1648 88.
1053 1588 1106 1643 Serl

147 1673 170 1727 si
186 1670 282 1725 ancilla
296 1687 329 1725 ea
344 1673 403 1726 ciue
417 1672 538 1727 Romano
559 1677 724 1743 conceperit,
746 1672 841 1729 deinde
862 1674 1022 1728 manumissa
1037 1672 1105 1727 ciuis

146 1756 265 1810 Romana
287 1753 354 1809 iacta
369 1756 415 1825 sit,
438 1763 466 1809 et
481 1763 546 1810 tunc
561 1756 656 1827 pariat,
677 1754 742 1809 licet
763 1757 831 1809 ciuis
845 1754 980 1809 Romanus
1002 1756 1038 1807 sit
1060 1753 1106 1824 qui
1193 1822 1202 1829 ⁸

146 1839 278 1909 nascitur,
298 1830 304 1914 Ι
323 1840 393 1893 sicut
407 1845 485 1911 peter
501 1838 568 1905 eius,
584 1853 638 1892 non
656 1839 787 1892 tamenin
803 1843 938 1909 potestate
953 1837 1037 1907 patris
1052 1844 1104 1905 est,
1118 1842 1159 1893 et.

146 1926 210 1996 quia
237 1938 327 1995 neque
355 1939 387 1977 er
410 1922 484 1977 iusto
512 1922 587 1977 coitu
615 1929 762 1993 conceptus
794 1927 850 1991 est,
880 1934 968 1990 neque
996 1934 1028 1972 ex
1050 1917 1106 1974 ullo

145 2006 384 2065 senatusconsulto
400 2006 461 2062 talis
477 2007 565 2062 coitus
581 2006 659 2078 quasi
673 2006 762 2060 iustus
778 2004 966 2059 constituitur.

208 2086 258 2147 89.
276 2089 352 2157 Quod
373 2099 462 2146 autem
484 2089 600 2161 placuit,
623 2090 645 2143 si
667 2088 762 2143 ancilla
779 2103 812 2142 ex
833 2088 892 2144 ciue
907 2085 1027 2141 Romano
1042 2100 1107 2140 con·

147 2176 263 2248 ceperit,
285 2173 382 2229 deinde
401 2174 562 2228 manumissa
583 2173 732 2245 pepererit,
754 2172 800 2243 qui
828 2170 962 2241 nascitur,
993 2168 1106 2224 liberum

146 2259 230 2328 nasci,
247 2255 392 2329 (culturali
408 2259 513 2313 ratione
529 2255 575 2325 lit3
594 2272 651 2315 nom
667 2256 709 2325 bi,
732 2256 779 2328 qui
794 2255 935 2327 illegitime
950 2254 1105 2326 concipiun-

147 2351 203 2412 tur,
219 2349 319 2396 statum
334 2351 445 2397 sumunt
459 2357 491 2396 eu
506 2357 539 2397 eo
560 2348 698 2412 tempore,
719 2355 774 2411 quo
789 2347 953 2412 nascuntur3
973 2338 1065 2409 itaque
1083 2338 1106 2391 si

146 2442 180 2482 cx
195 2424 278 2480 libera
293 2434 452 2497 nascuntur,
473 2423 550 2479 liberi
572 2423 650 2492 liunt,
671 2438 721 2478 nec
737 2425 866 2493 interest,
888 2438 921 2477 ea
943 2437 997 2493 quo
1020 2427 1107 2475 mater

79 2524 132 2578 [nas]
147 2526 196 2566 eos
212 2511 377 2581 conceperit,
398 2525 459 2565 cum
480 2507 575 2563 ancilla
596 2506 691 2562 luerit:
712 2506 791 2576 athi,
814 2507 859 2578 qui
880 2504 1000 2578 legitime
1017 2504 1105 2559 conci·

145 2595 267 2668 piuntur,
283 2609 314 2648 en
330 2593 514 2665 conceptionis
530 2600 651 2662 tempore
672 2598 773 2644 statum
789 2597 909 2645 sumunt.
946 2582 998 2648 90.
1014 2585 1105 2658 ltaque

145 2680 169 2733 si
191 2681 237 2733 cui
256 2677 362 2731 mulieri
388 2678 441 2731 ciui
462 2675 597 2730 Romanae
619 2675 779 2745 praegnanti
801 2688 868 2744 aqua
891 2679 918 2726 et
945 2671 1002 2743 igni
1023 2671 1105 2724 inter·

146 2761 247 2816 dictum
264 2760 356 2830 luerit,
372 2757 556 2831 ecquomodo
571 2758 714 2830 peregrina
730 2755 815 2811 ’locta
828 2747 914 2809 tunc²
928 2754 1026 2825 pariat,
1041 2768 1105 2809 con·

145 2845 239 2917 plures
254 2844 430 2916 distinguunt
444 2850 472 2897 et
488 2848 595 2913 putant,
616 2843 639 2895 si
656 2841 762 2914 quidem
778 2855 810 2895 en
825 2839 905 2894 iustis
922 2839 1024 2910 nuptiis
1041 2851 1106 2892 con·

147 2929 259 2999 ceperit,
275 2930 362 2983 ciuem
377 2926 525 2982 Romanum
542 2940 572 2979 ex
586 2940 616 2979 ea
628 2926 712 2995 nasci,
727 2924 751 2979 si
763 2938 828 2978 uero
839 2920 924 2993 uolgo
940 2918 1106 2991 conceperit,

146 3003 319 3102 peregrinpm
335 3027 367 3066 ex
382 3026 414 3066 ea
429 3010 510 3065 nasci.
546 3004 590 3063 91.
607 3009 673 3064 ltem
688 3011 711 3063 si
728 3024 781 3079 qua
796 3006 893 3061 mulier
908 3005 975 3060 ciuis
989 3003 1107 3057 Romana
1143 2992 1172 3047 Q

220 3140 241 3209 ¹)
258 3144 296 3206 Of.
311 3145 334 3204 ἓ.
350 3155 384 3195 68.
437 3138 518 3206 ¹)Ex
532 3136 578 3189 W
590 3142 629 3189 cic
640 3141 750 3202 facilius
764 3140 867 3204 lepitnr.
891 3137 932 3184 liat
946 3140 970 3182 et
983 3132 1107 3181 tuncedd.

143 3229 230 3277 prtor.

218 3316 243 3385 ξ.
259 3320 301 3369 87.
323 3319 361 3381 Cf.
377 3320 416 3379 ἐξ.
432 3329 458 3369 oc
472 3332 523 3381 seq.
588 3311 613 3383 5
624 3316 665 3366 88.
684 3314 722 3377 Os.
732 3313 764 3361 L.
779 3323 814 3362 tc.
833 3311 866 3359 D.
881 3311 913 3359 de
927 3309 1013 3373 adopt.
1029 3307 1061 3374 (1,
1076 3308 1107 3371 t).

147 3385 173 3456 ᾗ.
188 3390 231 3439 89.
253 3388 451 3452 CfiUlp.t,1o.
471 3388 503 3435 L.
524 3398 556 3436 18.
576 3397 609 3435 24.
629 3385 661 3433 D.
681 3385 713 3433 de
731 3389 800 3432 statu
818 3381 882 3431 bom.
902 3381 934 3445 (1,
947 3378 979 3446 t).
1002 3378 1107 3439 Quintil.

146 3459 170 3508 I.
188 3457 216 3508 0.
231 3470 252 3521 s,
266 3469 287 3509 o.
307 3461 330 3520 ξ.
346 3471 379 3511 m.
399 3458 431 3506 L.
443 3470 462 3507 1.
478 3459 534 3518 §.n
553 3455 585 3503 t.
597 3468 617 3506 o.
636 3454 816 3504 D.admonic.
827 3449 872 3515 (m,
883 3450 914 3518 1).
969 3447 995 3518 ᾗ.
1010 3452 1051 3501 90.
1069 3448 1108 3511 Os.

146 3531 170 3591 §-
188 3540 234 3579 1or.
300 3526 325 3595 ξ.
340 3531 382 3579 91.
399 3528 437 3590 Cf.
458 3529 498 3589 ἐξ.
513 3537 548 3577 ce.
563 3537 611 3577 mo.
634 3525 787 3588 Ulp.11,11.
811 3523 887 3572 Paul.
906 3535 928 3584 a,
942 3533 976 3574 st.
996 3523 1037 3582 ἐξ.
1051 3531 1072 3569 e.
1087 3529 1109 3568 o.

906 3605 956 3658 13*
