2609 3942
431 249 491 285 (ann
510 252 613 287 meran.
631 233 680 286 111.
698 239 807 288 35—37.
1040 236 1104 302 293

143 391 1102 468 ummmwmpmmmm.mmmmmmstw

146 480 222 530 recte
234 472 318 545 facto
333 479 501 531 testamento
516 474 639 530 heredes
653 477 779 532 instituti
792 481 866 544 suut,
882 477 933 531 dat
947 479 1102 535 secundum

146 559 260 614 tubulos
279 558 417 613 bonorum
435 561 659 629 passessionem.-
680 561 746 614 item
768 560 805 615 ab
826 550 965 635 inltestato
986 559 1100 617 heredes
1113 558 1170 614 184.

145 641 1103 716 smmmmmmmwmmmmmwmtwms

143 725 250 783 casibus
265 722 424 781 beneficium
440 725 498 781 eins
513 726 541 780 in
555 741 588 781 eo
604 726 666 782 solo
689 726 799 783 uidetur
820 726 936 800 aliquam
958 725 1102 783 utilitatem

142 808 253 881 habere,
268 816 299 865 nt
313 810 347 880 is,
364 810 410 881 qni
426 810 465 864 ita
478 808 611 864 bonorum
628 810 828 882 possessionem
847 811 925 884 petit,
948 808 1102 882 interdicto,

143 893 219 950 ouius
241 893 403 966 principium
426 900 468 948 est
497 908 624 956 ovonvn
648 909 813 967 sanonum,
835 895 875 950 nti
897 896 999 966 possit,
1026 895 1103 950 cuins

141 976 280 1033 interdicti
302 977 430 1049 quaesit
452 976 571 1048 utilitas,
600 993 650 1032 sno
672 977 734 1035 loco
756 994 955 1053 proponemus:
982 977 1102 1052 alloquin

142 1068 246 1117 remota
268 1076 378 1133 qnoque
400 1057 533 1116 bonorum
555 1063 731 1135 possessione
759 1063 792 1118 ad
815 1079 861 1118 eos
883 1062 1018 1119 hereditas
1040 1079 1102 1136 per-

141 1147 212 1201 tinet
233 1145 291 1199 iure
314 1142 398 1201 ciuili.

206 1223 255 1284 86.
270 1227 395 1284 Ceterum
406 1243 487 1301 saepe
498 1228 659 1302 quibusdam
670 1231 706 1285 ita
718 1229 796 1285 dator
806 1228 940 1285 bonorum
953 1230 1102 1302 possessio,

143 1321 174 1368 nt
188 1313 222 1384 is,
237 1312 281 1368 cni
296 1311 357 1368 dala
372 1312 419 1382 sit,
435 1307 516 1385 (non)
532 1314 654 1385 optineat
668 1312 863 1380 hereditatem
886 1327 953 1385 quae
968 1311 1103 1368 bonorum

141 1390 1102 1470 pmfflfflwmmssfflmMfflmwwmo

143 1484 309 1534 testamento
323 1477 404 1532 heres
418 1478 561 1534 institutus
572 1479 690 1534 creuerit
704 1479 891 1550 hereditatem,
906 1478 954 1534 sed
969 1477 1103 1534 bonorum

142 1561 345 1635 possessionem
375 1559 522 1615 secundnm
550 1559 653 1615 tabulas
684 1563 836 1617 testamenti
859 1570 952 1634 petere
973 1562 1103 1634 noluerit,

145 1650 293 1701 contentus
308 1657 358 1711 eo,
381 1640 455 1715 quod
470 1642 528 1697 inre
543 1643 615 1698 ciuili
635 1643 715 1699 heres
737 1647 789 1714 sit,
811 1644 983 1700 nihilominus
1006 1647 1034 1714 ii,
1057 1648 1104 1718 qni

144 1724 223 1782 nullo
245 1724 318 1781 lnoto
341 1730 503 1781 testamento
525 1724 558 1780 ad
580 1726 701 1781 intestati
723 1727 790 1781 bona
813 1735 962 1797 uocantur,
988 1736 1104 1798 possunt

143 1818 240 1885 petere
262 1806 396 1865 bonorum
411 1809 629 1881 possessionem3
652 1808 700 1863 sed
715 1811 772 1864 sine
791 1824 821 1864 re
836 1808 869 1863 ad
891 1824 938 1864 eos
959 1809 1104 1866 'bonorum

141 1886 309 1968 passessio¹
330 1893 463 1966 pertinet,
487 1908 547 1949 cnm
568 1899 732 1949 testamento
747 1893 864 1964 scriptus
885 1891 965 1947 heres
980 1893 1105 1949 euincere

144 1971 1101 2050 hmfflmmmmSZMmmwmnmmmfflm

144 2071 255 2119 mortno
279 2077 344 2117 suus
367 2060 447 2116 heres
471 2060 589 2118 noluerit
611 2068 705 2133 petere
733 2061 871 2117 bonorum
892 2061 1104 2133 passessionem,

144 2153 293 2203 contentus
307 2147 431 2219 lepitimo
445 2148 527 2201 iure:
549 2142 625 2201 ’nem
648 2138 695 2199 el²
717 2150 818 2218 agnata
840 2146 970 2217 competit
996 2143 1105 2217 quidem

143 2229 278 2285 honorum
294 2220 464 2302 possessio,³
485 2227 531 2284 sed
548 2229 606 2283 sine
627 2245 668 2299 re,
691 2231 753 2301 qnia
769 2229 857 2285 eninci
872 2228 1008 2285 hereditas
1024 2245 1038 2282 a
1053 2244 1104 2283 sno

144 2381 278 2430 cesserint.
309 2377 375 2426 Nom
388 2380 412 2426 si
425 2380 526 2428 alienus
535 2385 669 2442 postumus
678 2378 753 2428 lieres
763 2380 849 2441 faerit
862 2381 1000 2437 institutus,
1017 2395 1104 2443 quani·

144 2451 188 2500 uis
206 2449 372 2498 hereditatem
390 2449 448 2497 iure
462 2450 537 2498 ciuili
550 2449 626 2498 adire
640 2463 692 2498 uon
708 2456 819 2511 poterat,
840 2465 895 2498 cum
910 2451 1037 2499 institutio
1053 2464 1103 2498 non

144 2519 249 2570 ualebat
263 2516 295 2584 (s,
305 2529 352 2569 stt.
363 2518 431 2584 nen),
444 2519 587 2569 honorario
602 2526 685 2568 tamen
700 2521 757 2566 iure
767 2519 889 2568 bonorum
899 2534 1035 2581 possessor
1048 2520 1103 2582 effi-

145 2589 273 2648 aiebatur,
287 2590 408 2638 uidelicet
417 2605 473 2638 cum
486 2605 503 2637 a
513 2596 638 2652 praetore
652 2585 850 2646 adiuuabatur’,
860 2592 956 2651 paucis
967 2591 1070 2638 mutatis
1079 2596 1105 2639 et

144 2664 207 2724 ipsa
220 2661 274 2708 siut
290 2658 404 2718 Gaiana,
424 2667 452 2708 ut
469 2665 552 2708 tamen
574 2656 655 2706 Gaius
673 2663 749 2705 antea
768 2656 789 2705 b.
805 2660 992 2719 passessionem
1007 2674 1042 2708 eac
1054 2658 1103 2708 Sc.

149 2730 310 2780 Tertulliano
325 2729 437 2779 dandam
447 2745 499 2792 pra
513 2729 628 2791 exemplo
645 2729 789 2792 impugnati
802 2729 869 2775 iuris
882 2730 976 2778 ueteris
984 2731 1104 2792 posuisse

144 2801 267 2851 videatur
281 2798 327 2866 (cf.
345 2799 426 2850 Gloss.
446 2798 522 2850 Taur.
532 2799 568 2848 ad
576 2813 619 2861 pr.
634 2797 712 2860 Les
727 2804 751 2846 et
761 2804 811 2847 nat.
825 2797 861 2846 ad
870 2798 892 2858 ξ.
903 2797 963 2861 ³3⁰.)
978 2804 1003 2846 et
1011 2800 1104 2847 deinde

139 2872 310 2937 perrexerit:
329 2866 464 2933 ‘Alioquin
483 2871 524 2918 ius
542 2868 599 2917 bon.
614 2864 700 2932 pom?
721 2876 766 2918 etc.
804 2867 859 2916 Iam
880 2883 937 2917 cum
954 2868 1001 2915 illa
1019 2869 1105 2916 decem

145 2942 256 2992 circiter
269 2941 386 3003 efficiant
399 2954 489 2989 uersus
505 2938 529 2991 0.
550 2938 624 2998 Ver„
638 2945 761 3003 apparet,
783 2937 874 2987 Gaium
887 2939 973 2987 statim
987 2944 1049 3000 past
1061 2937 1104 2986 ab·

143 3014 255 3062 solutam
268 3009 330 3060 SOti
348 3009 501 3059 Tertulliani
514 3011 707 3073 expositionem,
723 3024 787 3074 quae
802 3010 903 3058 initium
912 3023 1011 3072 quaque
1021 3023 1047 3070 p.
1057 3018 1103 3058 les.

145 3082 295 3146 occupauit,
314 3081 351 3130 ad
367 3080 435 3131 lanc
447 3083 593 3146 peneralem
611 3082 810 3144 disputationem
823 3080 855 3130 de
869 3079 992 3131 banorum
1001 3092 1103 3142 passes-

144 3154 219 3203 sione
233 3153 379 3201 tremuisse.
457 3148 478 3216 ¹)
492 3151 612 3201 heredites
629 3151 653 3200 0.
680 3150 772 3201 Fuerit
785 3152 812 3200 in
827 3151 967 3215 archetypa
982 3150 1005 3198 h.
1019 3163 1043 3211 p.
1059 3148 1104 3214 (==

146 3224 264 3272 bonorum
278 3221 422 3286 possessio),
436 3237 502 3286 quae
517 3228 577 3272 nota
587 3221 651 3270 abiit
663 3224 690 3270 iu
700 3223 807 3271 similem
816 3222 857 3272 h't.
886 3221 978 3285 anue
988 3235 1056 3269 nunc
1065 3222 1104 3270 sic

146 3294 250 3356 scripsi.
316 3289 397 3358 ¹)En
411 3292 503 3343 Hallw.
520 3294 553 3355 ej.
581 3291 716 3341 Fortasse:
729 3294 836 3341 scilicet.
902 3287 923 3356 Β)
941 3290 1016 3349 Nota,
1031 3290 1105 3339 aliud

145 3378 193 3413 sao
210 3363 312 3421 herede,
332 3364 406 3411 aliud
419 3364 583 3426 prasimiore
601 3369 697 3427 aquato
716 3364 842 3412 emittente
861 3363 928 3411 iuris
943 3361 1041 3424 fuisse·
1059 3363 1104 3411 illo

146 3448 211 3483 casu
225 3433 367 3484 uocabatur
380 3448 397 3482 a
407 3439 531 3496 praetore
537 3434 676 3496 promimus
685 3440 796 3498 aquatus
807 3429 886 3482 ‘unde
895 3429 1023 3498 legitimi’,
1038 3433 1106 3482 inter

219 3569 263 3641 ξς.
278 3574 392 3625 at-st.
414 3573 450 3636 Gfi
470 3573 524 3637 Utp.
539 3584 574 3636 ss,
589 3585 622 3624 1s.
642 3585 675 3633 ss,
690 3585 710 3624 s.
730 3585 764 3634 ss,
778 3586 790 3624 s
804 3588 885 3635 supra
899 3587 919 3637 s,
934 3586 980 3626 ns.
995 3576 1049 3625 151⁸
