2609 3942
492 210 550 246 nan
568 211 667 246 1naa1n.
687 193 708 246 I.
728 199 768 246 22.
986 181 990 186 ’
1055 193 1112 256 177

154 351 255 407 Iuniani
270 345 469 425 appellantur¹;
486 349 572 406 Latini
585 349 663 420 idea,
684 352 747 422 qnia
761 350 913 406 adsimulati
933 359 999 406 sunt
1013 349 1113 406 Latinis

154 434 325 508 colonianiis3
351 434 453 491 Iuniani
477 434 558 506 ideo,
585 434 646 505 qnia
668 449 717 506 per
737 434 824 506 legem
843 434 943 489 Iuniam
963 432 1114 489 libertatem

155 585 260 634 creditor
274 611 308 621 -
322 598 365 633 aex
379 610 413 619 -
427 583 544 632 debitoris
559 609 591 618 -
607 582 666 643 legis
682 610 714 617 —
729 581 829 644 pecunia
845 608 878 616 -
894 596 921 630 ea
937 583 1064 631 traditione
1079 610 1113 619 -

155 655 368 717 mancipationihus
392 679 425 689 -
449 653 556 702 Latinam
571 653 640 700 -is
664 651 730 718 quia)
748 657 898 714 praestant,
922 652 957 700 ad
974 653 1114 701 earundem

154 723 247 775 Scied.
258 726 385 774 ductaret
397 726 540 773 tententiae
550 721 759 786 probabilitatem
767 722 900 770 resarcire
914 728 1022 771 conatae
1035 737 1113 781 eram,

155 798 183 844 in
202 795 241 843 ed.
256 806 276 847 a.
287 796 382 858 paucio
396 795 423 843 in
437 795 460 855 ὅ.
475 806 508 844 22.
528 794 640 851 mutatio,
655 794 683 841 in
696 793 764 841 bunc
783 792 896 841 madum:
912 787 947 853 ‘§.
963 793 1019 841 21⁸.
1054 791 1114 841 Cum

156 880 219 914 uero
241 867 296 930 ieqe
318 866 389 914 Aelia
408 865 496 913 Sentio
518 869 660 912 testamento
677 859 680 930 Ι
697 864 800 927 primus
821 863 936 925 scriptus
958 863 1029 911 eolus
1047 863 1114 911 ciuis

157 935 286 985 Romanae
295 936 352 998 fiat,
362 935 472 998 placuit,
487 935 511 982 si
524 935 582 998 quie
592 933 665 996 farte
681 929 690 1001 Ι
702 947 730 982 ex
743 934 849 982 'anciila
865 947 907 981 sun
922 942 990 982 natas
1005 928 1111 995 spurios’

156 1004 199 1072 [de
213 1006 261 1055 boo
275 1006 379 1070 outqari
397 1020 419 1053 a.
438 1005 587 1068 spuriorum
606 1019 653 1053 ueu
672 1004 707 1067 cf.
724 1003 862 1053 Forcetit'n.
877 1019 900 1052 u.
914 1004 1021 1066 epuriue
1034 1004 1062 1051 iu
1077 998 1113 1069 fl]

158 1072 265 1125 ‘liberae
282 1083 308 1124 et
324 1075 431 1124 beredea
448 1070 604 1142 ecripaeirit,
628 1089 713 1124 omnes
730 1087 821 1123 oeruoe
839 1088 953 1129 manere,
977 1075 1038 1137 quia
1057 1075 1115 1137 quia

154 1148 254 1209 primae
271 1148 314 1204 eit,
333 1161 368 1195 em
386 1160 417 1194 eo
435 1140 556 1213 eraitione
570 1160 622 1195 non
636 1146 804 1209 intelieqitur,
823 1159 870 1192 nec
886 1145 914 1191 in
926 1144 1047 1205 fraudem
1061 1158 1114 1193 cre-

156 1217 261 1266 ditorum
279 1218 371 1280 pturea
391 1230 419 1264 ex
434 1215 439 1277 Ι
454 1216 605 1277 patrimonio
624 1215 716 1264 debent
729 1214 865 1269 decadem
884 1214 993 1277 denique
1010 1220 1115 1262 cenatus

157 1289 272 1337 conculta
287 1287 323 1336 ad
336 1289 414 1351 leqem
424 1286 518 1334 Fufiam
528 1282 667 1352 Caniiniam
677 1286 751 1349 sacta
766 1284 894 1346 prouisum
903 1291 948 1340 eet,
965 1298 997 1331 ne
1007 1285 1034 1331 in
1041 1290 1114 1346 pate-

155 1363 217 1406 atate
234 1357 349 1406 debitoris
362 1362 428 1405 esset
445 1357 501 1404 eiua
517 1356 521 1415 Ι
537 1355 596 1417 legis
610 1357 787 1405 auctoritatem
805 1368 849 1415 per
866 1353 934 1402 bano
948 1360 1023 1402 artem
1041 1367 1114 1401 euer-

155 1425 232 1476 tere’.
261 1420 319 1477 21¹³.
334 1422 382 1493 [cf.
396 1427 419 1487 ὅ.
435 1422 481 1492 aa]
498 1424 553 1474 'Eae
570 1427 628 1474 iure
646 1424 784 1484 Quiritium
800 1425 804 1486 Ι
820 1424 850 1472 tit
862 1437 948 1472 aeruna
962 1429 1049 1472 naater
1064 1437 1115 1472 non

153 1513 204 1560 per
222 1497 270 1547 bac
286 1499 379 1553 ectum,
398 1495 467 1558 quod
484 1496 582 1557 pecnnia
597 1502 679 1544 nostra
694 1491 873 1557 conparatur’,
893 1490 940 1559 [cf.
955 1493 988 1542 L.
1002 1504 1036 1543 ae.
1055 1494 1078 1554 ὅ.
1094 1505 1114 1543 2.

158 1568 189 1617 D.
203 1568 235 1615 de
249 1566 291 1615 tib.
307 1580 388 1615 causa
400 1576 434 1622 40,
450 1561 488 1630 12]
510 1561 514 1632 Ι
536 1562 593 1614 ‘sea
610 1566 717 1614 uiteriue
732 1566 878 1628 requiritur
897 1566 965 1613 iusta
982 1565 1054 1612 cerui
1072 1579 1115 1612 ac·

158 1637 263 1700 quiaitio
278 1630 422 1700 propiterea
436 1633 499 1695 quod
513 1635 628 1697 quaedam
642 1637 718 1683 etiam
731 1649 781 1684 non
799 1635 875 1683 iustae
892 1640 948 1682 eunt
966 1635 1115 1696 acquisitio·

158 1720 218 1760 nm,-
233 1719 291 1752 nam
306 1703 311 1768 Ι
328 1716 364 1763 ea,
378 1716 437 1764 quae
448 1702 574 1750 traditione
587 1703 735 1762 alienantur,
749 1705 861 1766 quamuia
875 1704 985 1765 mancipi
993 1705 1054 1760 aiat,
1069 1717 1116 1750 nec

159 1777 201 1824 uel
212 1771 215 1841 Ι
228 1772 402 1836 mancipatione
417 1772 457 1819 uel
471 1772 498 1819 in
513 1772 570 1820 iure
585 1772 695 1820 censione
709 1773 751 1818 uel
762 1768 926 1837 usucapialne
936 1773 1114 1833 acquiruntur,

158 1852 257 1895 tantum
272 1844 299 1892 in
317 1842 391 1892 bonis
400 1837 488 1904 fiunt'.
525 1843 567 1896 22.
580 1836 627 1907 [cf.
638 1842 662 1902 ὅ.
672 1835 719 1907 lt]
731 1837 853 1889 ‘Latinus
859 1840 891 1902 fit
899 1855 934 1889 ex
950 1836 953 1905 Ι
970 1840 1024 1904 ieqe
1038 1839 1115 1889 Aelia

158 1914 248 1965 Sentio
257 1929 351 1964 eeruue
360 1914 444 1961 minor
453 1921 663 1969 XXXunnorum,
678 1912 723 1974 qui
732 1916 879 1959 testamenta
890 1912 930 1957 uei
944 1912 1012 1957 inter
1021 1912 1117 1960 amicae

159 2001 240 2035 cauea
249 1984 363 2048 probata
378 1978 517 2050 iibelratnr:
533 1997 671 2045 quanquam
684 1981 793 2029 Latinum
810 1980 865 2043 ipra
879 1981 924 2028 lex
937 1979 1014 2028 Aelia
1027 1978 1117 2029 Sentio

158 2057 270 2105 nondum
284 2055 366 2117 secit‚·
384 2055 443 2103 item
461 2055 506 2118 qui
523 2068 554 2101 ea
572 2058 656 2101 aetate
672 2048 676 2120 Ι
692 2053 773 2101 maior
791 2067 804 2100 a
821 2051 928 2108 domina,
947 2052 1022 2099 cuiue
1035 2057 1074 2099 eet
1089 2052 1117 2099 in

160 2125 243 2184 banis,
262 2125 371 2189 quamuis
389 2124 454 2173 iusta
473 2123 666 2173 manamieeiane
682 2121 687 2186 Ι
703 2122 899 2179 manumittitur,
926 2123 967 2170 uei
985 2122 1030 2185 qui
1049 2122 1117 2170 inter

160 2198 254 2247 amicae
272 2191 419 2253 liberatur’,
440 2190 521 2261 [Epit.
537 2205 628 2253 1,1,2.
656 2192 760 2241 addidit
777 2207 821 2256 per
834 2191 959 2255 epistolam
974 2199 998 2240 et
1011 2192 1117 2241 conuiuii

161 2265 319 2326 adhibitione3
334 2280 393 2314 ¹non
416 2280 451 2313 ecc
474 2263 546 2313 Gaia.
585 2263 624 2326 Os.
639 2275 660 2321 1,
673 2275 708 2320 41,
722 2259 769 2328 ee]
794 2259 829 2311 ‘ai
847 2263 919 2312 mado
938 2263 993 2312 alio
1013 2258 1017 2329 Ι
1039 2277 1117 2312 cauea

162 2335 303 2384 libertatem
321 2349 372 2383 non
390 2331 531 2396 impediat'.
551 2329 598 2400 [cf.
618 2335 640 2395 ὅ,
653 2329 700 2401 oe]
731 2330 769 2381 ‘ni
783 2347 867 2382 omnca
881 2340 963 2382 tamen
978 2335 1038 2382 alim
1051 2329 1116 2400 quil-

161 2406 218 2454 dem
233 2406 260 2453 in
273 2404 351 2452 forma
364 2402 490 2453 libertatis
498 2403 679 2462 cernebantur,
694 2420 750 2453 cum
760 2411 870 2466 praetor
884 2417 935 2461 eoa,
949 2405 1010 2453 iicet
1025 2404 1029 2466 Ι
1045 2405 1117 2453 eerui

161 2490 196 2524 ex
214 2476 273 2523 iure
294 2472 431 2533 Quiritium
448 2482 543 2534 creent,
563 2475 590 2522 in
609 2473 727 2523 libertate
745 2480 867 2524 tueretur.
904 2490 973 2523 nanc
991 2489 1053 2524 uero
1066 2471 1115 2525 bi'.

160 2545 235 2595 Haec
254 2546 338 2594 omnia
355 2547 528 2608 supplementa
546 2560 614 2593 nunc
632 2558 667 2593 eao
685 2551 757 2593 textu
771 2545 884 2593 eiciendi
902 2545 948 2593 itta
962 2559 1042 2594 cauea
1053 2545 1115 2608 fuit,

162 2616 230 2679 quad
241 2613 348 2664 Studue
366 2630 455 2681 apoqr.
466 2631 493 2678 p.
512 2613 590 2663 XIII.
604 2620 629 2663 et
643 2614 678 2662 ad
695 2614 718 2662 b.
734 2616 759 2673 i,
778 2621 806 2663 ut
821 2629 889 2663 nunc
903 2621 1066 2678 comparatur
1079 2622 1117 2664 eet

163 2687 253 2748 codex,
266 2684 429 2734 Blubmianie
441 2687 494 2734 illie
503 2699 599 2734 amnem
610 2683 687 2746 fldem
696 2684 817 2743 detrahit,
832 2684 933 2734 adiecto
944 2686 971 2733 in
980 2685 1020 2734 ed.
1030 2685 1115 2748 praef.

158 2754 185 2819 p.
201 2755 232 2805 V.
242 2762 293 2806 not.
304 2768 316 2805 1
326 2753 362 2821 (et
370 2756 410 2804 ed.
421 2767 440 2805 a.
446 2754 535 2818 Suppi.
538 2771 565 2817 p.
575 2752 642 2817 XX)
651 2756 727 2803 etiam
737 2753 946 2817 ipsiueBtubmii,
955 2756 1025 2803 aenio
1034 2762 1116 2805 tamen

161 2832 186 2876 ct
197 2840 226 2875 ae
239 2826 398 2885 excusantia,
413 2825 444 2874 de
454 2827 496 2888 ite,
507 2825 575 2889 quad
584 2824 682 2887 fertur,
698 2825 796 2875 iudicio
806 2823 881 2890 (boec
892 2821 963 2875 ‘olim
972 2840 989 2873 a
998 2839 1025 2874 ee
1035 2825 1117 2875 obiter

161 2897 275 2959 inspecto
286 2896 375 2945 codice
384 2895 515 2958 descripta
525 2892 590 2944 eoee'
607 2893 679 2959 etc.).·
696 2911 783 2944 verum
796 2902 879 2945 tamen
893 2896 921 2943 in
935 2895 995 2945 adn.
1010 2896 1116 2953 retinui,

160 2966 300 3031 Hotieaeqii
318 2965 349 3014 de
363 2980 392 3015 eo
411 2973 530 3029 tempore,
550 2980 599 3029 quo
612 2964 747 3015 Biubmiue
760 2973 820 3015 ante
834 2966 1022 3029 quinquaqinta
1035 2979 1118 3013 annae

161 3037 274 3086 codicem
296 3037 448 3098 inspexerat
468 3051 565 3100 suaque
588 3042 754 3094 enataverat,
777 3037 875 3086 iudicia
898 3038 926 3085 in
950 3033 1073 3083 Zeitrcbr.
1094 3034 1116 3096 f.

161 3106 340 3171 Reobtaqeecb.
360 3106 390 3157 V.
401 3121 428 3169 p.
442 3117 489 3158 aaa.
504 3106 622 3156 nonnihil
640 3106 761 3156 tribuens.
833 3103 853 3173 ¹)
866 3105 912 3156 Sic
932 3100 984 3163 Vst,
998 3104 1034 3152 ad
1047 3119 1118 3167 quem

160 3179 236 3226 etiam
254 3178 282 3225 in
299 3178 479 3240 supplementis
496 3175 704 3227 antecedentibus
723 3177 846 3240 quaedam
864 3173 1060 3226 accommodari.

231 3318 254 3379 §-
270 3316 319 3365 21·
347 3316 385 3379 Of.
400 3315 469 3379 Epit.
480 3327 501 3374 1,
516 3328 536 3367 a.
556 3318 577 3378 ἕ.
591 3327 610 3366 a.
630 3315 703 3377 infra
717 3315 753 3364 od
765 3316 786 3376 ἓ.
795 3325 829 3365 aa.
880 3310 905 3380 ξ
920 3306 977 3362 21¹).
999 3313 1036 3376 Of.
1050 3316 1072 3377 5.
1082 3325 1116 3365 1t.

161 3389 236 3436 cuiue
250 3388 366 3436 ordinem
375 3387 568 3450 praescriptum
585 3384 665 3435 Gaius
678 3387 754 3435 etiam
768 3391 830 3447 poet
843 3385 870 3432 in
885 3383 980 3434 Latina
995 3392 1118 3434 accurate

160 3458 284 3519 nequitur.
321 3456 374 3519 Uip.
384 3469 405 3514 1,
416 3468 448 3507 ta.
470 3456 513 3505 Ii.
525 3457 585 3506 Dor.
595 3468 617 3507 9.
632 3455 705 3518 infra
719 3457 740 3516 §-
750 3465 782 3507 at.
799 3466 819 3513 a,
833 3465 867 3504 41.
883 3466 929 3506 204.
980 3456 1005 3519 fi.
1015 3457 1056 3506 22.
1078 3455 1117 3518 Cf.

161 3526 235 3588 infra
253 3538 274 3585 a,
293 3537 325 3578 aa.
348 3526 403 3589 ΜΡ.
419 3539 438 3576 1.
454 3538 487 3577 ιο.
503 3539 534 3578 12.
559 3526 603 3578 Fr.
619 3526 717 3577 adsita.
735 3535 756 3577 a.
773 3537 793 3577 a.
817 3524 954 3589 Epit.1,1.
973 3529 996 3588 §.
1012 3538 1032 3576 a.
1057 3527 1118 3574 inter

211 3628 308 3659 mern.
322 3627 400 3659 aaran.
415 3627 465 3658 aaa.
484 3628 521 3659 een.
534 3628 558 3658 v.
885 3614 915 3662 12
