2609 3942
192 207 258 271 244
469 223 527 260 om
544 223 636 259 nesam.
656 205 690 257 IL
710 211 857 261 loo—108.

192 371 356 415 sncvnnvar
382 369 489 413 noenu
509 368 680 418 PVPHOAM,
708 368 771 410 noo
801 367 896 422 men,
925 359 953 408 et
978 360 1009 408 ut
1034 351 1209 426 quidamrrcs]

191 438 317 510 adiciunt,
340 453 505 502 mneaovn
520 451 624 505 ornan,
646 451 725 494 nero
741 452 811 493 mm
825 450 946 502 nurum
968 435 1064 492 deinde
1079 451 1141 493 aere

190 524 309 597 percutit
319 521 423 591 libram,
434 521 514 595 idque
526 538 575 576 oea
586 520 631 577 dat
641 521 764 576 testatori
776 519 852 575 uelut
864 521 944 593 pretii
955 519 1033 588 loco;
1046 520 1142 578 deinde

193 614 306 663 testator
320 605 425 664 tabulas
440 605 604 662 ’testamenti
619 597 716 660 mano¹
733 612 828 659 tenens
842 605 879 660 ita
893 603 969 659 dicit:
984 620 1067 662 uanu
1086 620 1143 662 ars

191 706 233 749 vr
247 707 281 749 tn
294 705 347 748 ms
360 703 492 748 manvus
508 703 662 752 nnarsovn
678 703 810 746 somena
832 701 921 757 sunu,
943 703 998 746 ms
1011 704 1063 758 nc,
1087 704 1143 746 rra

190 789 284 845 anuo,
306 789 360 832 rra
383 787 515 844 unsrun,
530 787 648 836 innova
673 787 740 843 vos,
755 786 1142 841 Quintana,rnsr1norarvn

190 873 261 914 nrm
283 848 552 928 ’1111111881οωῖ
573 864 600 912 et
614 856 667 911 hoc
681 855 779 911 dicitnr
793 856 970 929 nuncupatio:
986 872 1142 930 nuncupare
1217 923 1218 926 Ἴ

191 950 234 997 est
253 943 323 997 enim
343 939 430 1014 palam
451 940 605 1010 nominare,
631 947 659 995 et
676 955 742 995 sane
763 954 831 1012 quae
850 946 966 995 testator
991 940 1142 1013 specialiter

190 1026 218 1080 in
234 1023 499 1080 tabulistestamenti
518 1023 672 1096 scripserit,
695 1038 725 1078 ea
748 1022 856 1079 uidetur
876 1022 995 1096 generali
1016 1039 1142 1080 sermone

190 1108 329 1163 nominare
344 1116 424 1181 atque
439 1104 606 1163 confirmare.
634 1101 699 1164 loo.
712 1104 743 1161 ln
758 1105 871 1162 testibus
886 1114 974 1163 antem
990 1122 1046 1162 nou
1060 1107 1141 1163 debet

191 1191 215 1246 ls
235 1206 310 1262 esse,
330 1193 377 1265 qui
397 1192 425 1247 in
440 1197 575 1264 potestate
590 1198 633 1246 est
646 1198 693 1245 aut
706 1188 822 1246 familiae
840 1191 969 1263 emptoris
989 1197 1035 1246 aut
1056 1191 1140 1263 ipsius

191 1276 339 1345 testatoris,
361 1275 557 1349 quiapropter
578 1273 681 1330 ueteris
702 1273 768 1329 iuris
789 1275 965 1330 imitationem
985 1283 1074 1331 totum
1088 1275 1142 1331 boc

191 1360 346 1432 negotium,
367 1357 440 1431 quod
455 1359 546 1432 agitur
559 1359 715 1414 testamenti
734 1356 877 1414 ordinandi
896 1359 998 1431 gratia,
1020 1354 1141 1415 creditur

190 1442 261 1497 inter
283 1442 398 1499 familiae
421 1449 570 1515 emptorem
592 1443 635 1513 agi
657 1451 685 1497 et
706 1449 874 1512 testatorem,
897 1442 999 1515 quippe
1014 1441 1087 1513 olim,
1110 1450 1141 1499 ut

190 1525 312 1597 proxime
322 1525 490 1596 diximus,is,
498 1526 545 1598 qui
556 1524 680 1580 lamiliam
690 1526 828 1580 testatoris
840 1525 972 1599 mancipio
984 1525 1139 1600 accipiebat,

191 1607 297 1663 heredis
312 1608 372 1665 loco
388 1617 459 1682 erat;
481 1610 572 1681 itaque
586 1610 760 1681 reprobatum
775 1610 858 1664 estin
874 1624 904 1664 ea
918 1625 949 1665 re
964 1607 1140 1666 domesticum

191 1692 385 1748 testimonium.
421 1688 489 1751 100.
510 1690 585 1749 Unde
600 1700 628 1748 et
643 1693 666 1747 si
680 1693 714 1763 is,
735 1693 823 1765 quiin
839 1701 975 1765 potestate
989 1695 1072 1767 patris
1087 1702 1139 1765 est,

191 1774 304 1831 familiae
316 1784 425 1851 emptor
434 1776 570 1833 adbibitus
581 1778 627 1847 sit,
639 1784 718 1849 pater
729 1778 787 1831 eius
799 1778 876 1832 testis
892 1791 952 1832 esse
967 1793 1022 1833 non
1033 1785 1139 1851 potest3

191 1873 221 1915 ac
242 1875 276 1915 ne
295 1861 319 1915 is
340 1860 465 1934 quidem,
488 1863 534 1934 qni
554 1863 582 1916 in
608 1859 698 1915 eadem
725 1866 859 1933 potestate
878 1868 935 1929 est,
962 1860 1039 1916 uelnt
1059 1860 1141 1918 irater

190 1943 257 1998 eius.
287 1943 336 2000 sed
350 1946 373 2000 si
388 1942 574 2000 filiusfamilias
595 1959 628 1998 ex
642 1945 772 1999 castrensi
787 1943 893 2016 peculio
908 1952 972 2016 post
986 1945 1141 2001 missionem

139 2028 181 2079 80.
193 2024 271 2083 iaciat
285 2035 486 2099 testamentum,
501 2044 552 2083 nec
566 2035 642 2098 pater
657 2027 715 2082 eius
730 2035 803 2082 recte
818 2028 895 2083 testis
908 2019 912 2104 l
926 2025 1076 2099 adhibetur,
1091 2045 1142 2085 nec

190 2110 223 2184 is,
245 2112 292 2182 qui
311 2113 339 2166 in
354 2118 489 2183 potestate
509 2111 592 2183 patris
614 2102 692 2166 ’est.³
726 2105 791 2167 107.
814 2111 850 2167 lle
871 2109 1019 2183 libripeude
1038 2111 1139 2183 eadem,

190 2209 259 2266 quae
274 2200 302 2248 et
316 2193 350 2249 de
364 2192 490 2263 testibus,
505 2193 575 2250 dicta
586 2209 645 2249 esse
657 2193 860 2267 intellegemus:
875 2210 935 2250 nam
951 2201 979 2250 et
993 2195 1016 2249 is
1031 2197 1140 2251 testium

190 2292 303 2331 numero
318 2284 369 2333 est,
413 2271 479 2334 100.
501 2277 525 2332 ls
541 2292 617 2345 uero,
632 2278 720 2349 quiin
735 2285 870 2351 potestate
885 2277 992 2334 heredis
1006 2287 1052 2334 ant
1067 2278 1140 2353 lega·

190 2359 253 2413 tarii
271 2368 328 2429 est,
350 2361 462 2416 cniusue
481 2360 560 2416 heres
580 2361 639 2433 lpse
659 2369 705 2416 ant
726 2361 872 2436 legatarius
887 2363 915 2418 in
936 2370 1072 2434 potestate
1086 2372 1139 2433 est,

191 2442 291 2515 quique
312 2443 340 2499 in
361 2443 481 2502 eiusdem
502 2451 639 2517 potestate
654 2453 707 2516 est,
729 2447 797 2502 adeo
813 2447 891 2502 testis
907 2451 936 2502 et
949 2443 1078 2519 libripens
1094 2449 1139 2505 ad·

190 2523 275 2581 hiberi
297 2534 398 2599 potest,
419 2535 450 2585 ut
470 2529 527 2602 ipse
542 2544 651 2601 quoque
674 2528 751 2583 heres
774 2537 825 2584 out
846 2529 992 2603 legatarius
1013 2530 1072 2585 iure
1094 2532 1139 2588 ad·

188 2607 341 2665 hilarantur.
378 2610 426 2667 sed
447 2620 535 2668 tamen
556 2613 629 2684 quod
644 2612 677 2667 ad
692 2611 817 2668 heredem
840 2615 968 2686 pertinet,
990 2615 1090 2687 quique
1110 2617 1139 2669 in

188 2845 217 2879 aa
234 2829 416 2890 recurrebant,
437 2833 558 2883 inductus
575 2847 629 2882 ease
652 2833 797 2882 credendas
817 2840 862 2883 eat.
897 2832 1013 2884 Ceterum
1031 2847 1139 2898 sequena

188 2915 242 2958 oro
257 2902 371 2968 intellige
385 2924 419 2945 =
433 2909 469 2952 ut.
552 2899 572 2967 ¹)
586 2903 716 2951 testmanti
734 2902 762 2953 V
765 2898 786 2935 ⁸²
798 2904 934 2953 testamenti
948 2904 1005 2954 edd.
1020 2906 1064 2953 cui
1076 2918 1139 2954 sone

184 2971 275 3035 sanent
281 2984 301 3031 1,
309 2983 356 3024 119.
366 2984 388 3031 1,
396 2984 430 3024 lo.
440 2971 488 3022 sed
499 2971 636 3036 archetypi
648 2974 763 3036 scriptor
772 2974 802 3023 id
810 2975 879 3037 quod
890 2988 937 3024 nos
946 2975 1063 3024 dedimam
1071 2976 1138 3024 rcri-

183 3044 269 3105 pcirse
283 3043 393 3092 videtur.
445 3038 622 3108 ¹)pcrbibitote
638 3042 664 3092 0.
679 3044 718 3092 ed.
733 3042 782 3108 Bp.
838 3040 995 3111 ³)Ear1nat.
1010 3045 1042 3094 sit
1057 3044 1083 3095 G.
1098 3045 1139 3095 cd.

185 3110 235 3178 Bp.
262 3111 316 3162 Sed
328 3118 354 3162 et
366 3113 465 3162 malim:
478 3113 502 3160 in
516 3118 632 3175 potestate
647 3111 724 3179 e(iuc)
737 3114 821 3178 patris.

257 3317 283 3388 §-
301 3324 358 3373 too.
379 3321 417 3385 Of.
437 3321 494 3382 [ΛΡ.
509 3334 544 3381 ro,
558 3335 578 3375 a.
602 3325 642 3387 ἐξ.
657 3336 677 3377 a.
693 3337 727 3376 ro.
746 3325 769 3374 I.
784 3326 816 3375 de
830 3332 885 3376 terr.
900 3327 957 3377 ord.
972 3326 1008 3393 (r,
1023 3326 1068 3394 m).

186 3386 213 3458 ᾗ.
230 3393 289 3442 100.
311 3391 349 3454 Os.
373 3391 426 3455 Ulp.
443 3403 482 3450 m,
495 3405 517 3443 4.
532 3404 552 3445 8.
571 3395 595 3456 5.
610 3406 631 3446 9.
650 3394 725 3444 brit.
742 3397 785 3445 cit.
803 3395 836 3445 L.
850 3408 883 3447 20.
899 3398 922 3459 ξ.
938 3409 958 3449 8.
977 3398 1010 3448 D.
1025 3399 1070 3462 qui
1082 3404 1138 3448 teat.

185 3461 240 3524 fac.
256 3458 345 3526 (981).
400 3458 426 3530 ξ.
443 3465 501 3513 107.
522 3463 560 3526 Of.
579 3462 633 3527 Uip.
649 3476 684 3523 90,
699 3476 719 3516 9.
741 3464 766 3515 0.
781 3464 872 3517 Aelius
885 3467 957 3531 apud
971 3468 1103 3519 Priscian.
1117 3480 1140 3520 8.

183 3546 212 3594 p.
227 3541 266 3582 ros
280 3530 311 3580 P.
361 3526 387 3600 ς.
403 3535 462 3584 108.
483 3532 521 3594 Cf.
535 3535 575 3595 55.
591 3545 624 3584 ιο.
639 3546 672 3584 11.
687 3534 710 3584 1.
724 3536 763 3585 tir.
777 3538 821 3586 air.
