2609 3942
222 183 287 247 220
515 197 576 233 unu
594 199 694 233 marra.
712 179 733 232 I.
753 185 893 235 tet-198.

223 348 331 396 rantur:
353 340 490 410 puberem
511 345 606 394 autem
626 338 751 394 Sabinus
771 338 888 411 quidem,
914 336 1020 394 Cassius
1043 343 1183 415 ceterique

224 425 311 479 nostri
333 432 523 496 praeceptores
545 439 606 477 eum
629 438 688 477 osse
710 416 847 494 ’putant,¹
876 423 922 495 qui
945 423 1037 478 habitu
1058 429 1181 498 corporis

224 507 395 580 pubertatem
411 507 541 577 ostendit,
555 506 582 561 id
599 515 640 561 est
656 522 726 578 eum,
750 507 796 578 qui
812 522 944 578 generare
959 516 1067 579 potest3
1089 509 1182 565 sedin

223 590 274 661 his,
298 591 344 663 qui
364 591 513 662 pubescere
529 606 585 645 non
605 597 730 663 possunt,
754 589 846 661 quales
869 597 933 645 sunt
954 590 1099 662 spadones,
1122 608 1182 648 eam

224 683 337 730 aetatem
353 690 413 729 esse
428 673 611 747 spectandam,
626 675 702 728 cuins
718 674 812 728 aetatis
833 672 949 746 puberes
965 672 1048 742 fiunt3
1071 675 1119 730 sed
1142 676 1182 732 di·

223 775 317 814 uersae
330 758 439 813 scholae
452 765 577 812 auctores
594 758 670 812 annis
689 763 782 828 putant
798 756 966 830 pubertatem
981 760 1181 830 aestimandam,

172 823 213 875 ⁶³·
223 842 250 897 id
265 849 316 911 est,
339 856 399 896 eum
418 839 546 913 puberem
562 856 622 895 esse
637 841 799 910 existimant,
822 845 872 913 qui
893 833 898 918 Ι
921 849 997 890 xlm
1016 859 1109 899 annos
1129 859 1182 899 ex-

165 887 183 928 t
198 897 341 996 ''pteuz't2
355 941 373 980 s
386 952 760 963 -------
777 955 1180 965 ————-—

166 990 265 1094 stu.
281 1000 395 1062 2-24.
813 1002 876 1063 let.
901 999 935 1060 ³.
955 1050 961 1063 .
980 1048 987 1064 .
1006 1053 1011 1065 .
1037 1001 1041 1085 i
1066 1019 1181 1066 aetatem

223 1093 392 1164 peruenerit,
415 1092 443 1146 in
465 1108 516 1164 qna
538 1107 581 1146 res
603 1106 667 1145 suas
690 1091 760 1145 tueri
781 1091 884 1162 possit,
907 1093 986 1147 sicuti
1008 1095 1081 1164 apud
1104 1099 1244 1166 pere-{1⁴²1

224 1176 314 1248 grinas
335 1183 431 1248 gentes
451 1173 596 1243 custodiri,
617 1174 743 1246 superius
763 1174 947 1236 iudicauimus.
991 1172 1056 1232 198.
1079 1177 1116 1231 Ex
1136 1179 1181 1232 iis·

223 1258 284 1314 dem
300 1262 386 1315 causis
402 1260 470 1315 etin
487 1259 634 1332 prouinciis
649 1274 664 1314 a
679 1257 847 1331 praesidibus
863 1274 955 1313 earum
971 1269 1109 1316 curatores
1125 1260 1182 1317 dari

223 1342 330 1398 'uoluit
341 1337 353 1376 ‘¹

297 1480 318 1549 ¹)
333 1483 474 1532 Librarius
491 1485 600 1532 alterurn
617 1482 744 1546 syllabam
757 1497 848 1533 errore
867 1482 906 1530 bis
919 1483 1056 1546 scripsisse
1070 1485 1181 1534 uidetur.

224 1547 246 1618 ¹)
260 1552 292 1601 In
302 1569 331 1616 p.
345 1565 379 1605 53.
411 1553 491 1602 Gaius
500 1555 613 1616 primum
626 1553 658 1602 de
668 1552 804 1615 pubertate
816 1552 920 1601 Neratii
932 1553 1022 1603 Prisci
1030 1557 1183 1605 sententiam

224 1622 294 1688 (lllp.
309 1636 343 1678 11.
357 1622 394 1689 28)
408 1624 549 1682 addidisse,
564 1624 657 1672 deinde
672 1624 707 1671 ad
720 1638 910 1686 suspersam,
925 1625 1031 1687 quaein
1046 1626 1182 1675 curatione

222 1701 283 1744 sant
292 1694 337 1758 (cf.
348 1707 369 1755 1,
384 1705 430 1744 142.
441 1693 500 1759 143),
514 1696 650 1743 transiisse
665 1694 775 1752 uidetur,
789 1694 821 1742 de
836 1693 927 1756 quibus
942 1694 1006 1743 baec
1020 1694 1096 1744 babet
1108 1694 1181 1759 Epit.

223 1778 244 1827 1,
255 1777 289 1816 s:
305 1762 437 1814 ‘Peractis
447 1764 624 1828 pupillaribus
637 1766 721 1823 annis,
736 1763 829 1827 quibus
844 1771 941 1813 tutores
955 1763 1131 1825 absoluantur,
1146 1767 1185 1815 ad

224 1843 359 1886 curatores
377 1838 446 1885 ratio
464 1837 591 1885 minorum
613 1836 708 1897 incipit
724 1836 866 1897 pertinere.
910 1832 964 1883 Sub
983 1842 1104 1885 curatore
1121 1843 1184 1884 sunt

223 1909 335 1956 minores
348 1913 440 1963 aetate,
454 1908 565 1955 maiores
578 1919 721 1963 euersores,
736 1905 831 1953 insani.
864 1903 911 1961 Hi,
930 1906 975 1968 qui
988 1907 1182 1964 miserescunt,

223 1991 302 2041 usque
316 1977 352 2025 ad
365 1977 459 2040 uipinti
472 1983 497 2024 et
510 1977 620 2039 quinque
634 1988 717 2023 annos
726 1975 841 2036 impletas
851 1974 898 2023 sub
907 1982 1029 2024 curatore
1037 1983 1103 2024 sunt.
1132 1975 1183 2036 Qui

223 2063 286 2097 uero
301 2060 435 2096 euersores
448 2052 494 2093 aut
507 2046 595 2092 insani
608 2050 676 2101 sunt,
690 2045 758 2092 omni
772 2051 882 2107 tempore
892 2046 961 2094 uitae
974 2060 1036 2094 suae
1045 2045 1092 2093 sub
1102 2062 1181 2095 cura·

223 2124 279 2168 tore
293 2131 348 2165 esse
362 2114 490 2171 iubentur,
505 2116 549 2177 qui
562 2112 730 2162 substantiam
744 2128 816 2162 suam
830 2115 1021 2164 rationabiliter
1033 2115 1182 2180 gubernare

223 2203 274 2237 non
285 2180 414 2248 possunt'
472 2179 492 2248 ³)
510 2183 591 2232 Gaius
599 2185 713 2246 primurn
727 2191 755 2232 ut
768 2183 946 2247 lltp.1e,1-4.
961 2186 993 2234 de
1007 2186 1181 2244 curatoribus,

224 2259 268 2319 qui
286 2270 321 2304 eac
339 2256 394 2317 lepe
410 2255 460 2296 ΧΙΙ
476 2253 526 2303 tab.
542 2250 584 2302 uel'
598 2253 630 2302 ab
649 2255 705 2317 ipso
720 2261 844 2317 praetore
862 2257 901 2304 uel
918 2270 954 2303 ea
972 2256 1027 2319 lepe
1046 2255 1182 2305 Plaetoria

223 2327 328 2382 dantur,
343 2324 488 2385 disputasse
507 2330 532 2372 et
548 2324 641 2373 deinde
654 2338 701 2373 suo
715 2339 785 2374 more
803 2325 936 2374 addidisse
949 2326 1059 2383 uidetur,
1077 2327 1141 2388 quid
1153 2329 1181 2375 in

223 2396 272 2446 boc
292 2397 350 2444 iure
373 2395 489 2442 naturali
510 2395 612 2444 ratione
634 2396 798 2444 constitutum
820 2397 898 2457 (uelut
918 2396 1036 2458 furiosos
1058 2404 1181 2446 curatore

223 2462 301 2530 rapi),
321 2465 384 2527 quid
397 2465 465 2512 iuris
479 2465 564 2513 civilis
572 2465 614 2513 sit.
641 2465 737 2513 Cinium
748 2463 819 2514 Rom.
830 2467 968 2527 proprium
977 2481 1040 2525 esse,
1055 2467 1124 2529 quod
1136 2469 1182 2515 lea

225 2536 360 2585 Plaetoria
374 2541 510 2585 curatores
523 2551 557 2584 eac
575 2536 651 2583 iustis
665 2537 752 2584 causis
764 2535 906 2584 minoribus
919 2539 986 2580 w
998 2551 1058 2584 ann.
1072 2552 1089 2585 a
1099 2552 1181 2600 prae-

223 2613 280 2656 tore
294 2605 392 2654 urbano
407 2605 469 2654 dari
482 2607 565 2664 iussit,
585 2621 641 2655 cum
659 2607 774 2669 alioquin
794 2607 912 2654 naturali
924 2607 1023 2655 rationi
1037 2609 1179 2665 conueniat,
1269 2626 1272 2636 ·

225 2684 252 2726 ut
266 2678 289 2725 is
302 2682 399 2725 tantum
417 2677 527 2724 aliorum
546 2675 657 2725 arbitrio
675 2684 796 2741 repatur,
815 2677 860 2739 qui
876 2677 986 2726 nondun
1000 2677 1036 2725 ad
1049 2691 1101 2725 cam
1114 2684 1180 2726 aeta·

223 2755 272 2797 tem
285 2743 434 2809 peruenerit'
450 2754 497 2796 etc.
525 2745 564 2795 De
578 2746 744 2796 curatoribus
761 2746 859 2795 adultis
877 2753 1024 2796 testamento
1043 2748 1112 2796 dotis
1125 2754 1151 2796 et
1163 2762 1180 2796 a

218 2824 344 2882 praetore
358 2818 516 2880 confirmatis
532 2816 623 2865 Gaium
632 2818 723 2880 episse,
739 2823 767 2864 ut
780 2819 833 2865 uult
844 2817 884 2866 ed.
894 2815 977 2875 Stud,
991 2817 1115 2866 credibile
1128 2832 1180 2867 non

223 2897 268 2939 est.
293 2888 331 2952 Cf.
342 2890 366 2950 §-
376 2899 423 2939 189.
447 2886 482 2936 Et
495 2888 527 2935 de
537 2902 588 2936 non
599 2886 657 2934 iure
667 2887 736 2934 dotis
744 2887 792 2935 sed
800 2888 957 2950 confirmatis
969 2887 1059 2943 Gaius,
1075 2889 1099 2937 si
1112 2890 1180 2937 uole-

222 2960 277 3021 bat,
292 2961 382 3023 patius
400 2960 427 3005 in
446 2957 573 3006 tutoribus
591 2970 670 3020 apere
689 2955 823 3006 debuisset.
887 2955 909 3022 4)
928 2956 1010 3006 uolunt
1033 2957 1060 3005 V
1060 2953 1093 3016 ἥ,
1112 2958 1182 3021 quod

222 3032 292 3079 nullo
315 3029 390 3077 modo
408 3028 509 3075 uidetur
524 3027 596 3089 ferri
615 3040 700 3088 posse.
737 3025 814 3073 soient
836 3025 942 3078 Laclinr.
966 3029 1012 3089 cj„
1033 3034 1061 3075 ut
1078 3029 1181 3077 eaedem

222 3114 317 3150 causac
330 3103 448 3160 spectant
456 3097 493 3144 ad
502 3097 627 3158 furiosos,
637 3095 774 3159 prodigus,
789 3097 900 3145 minores
909 3100 1052 3154 XXVann„
1065 3099 1181 3159 tortasse

221 3177 299 3220 recte.
332 3167 363 3218 Ut
381 3181 428 3215 nos
446 3168 528 3215 locum
546 3167 727 3224 intelleaeimus,
746 3166 819 3214 voluit
829 3169 944 3228 pertinet
961 3167 997 3215 ad
1010 3169 1088 3231 tepent
1103 3167 1180 3216 Plae-

222 3243 324 3296 toriam,
339 3253 414 3302 quarn
423 3251 453 3286 eo
463 3243 573 3299 tempore
588 3238 738 3294 ieiunasse,
753 3251 802 3299 quo
813 3238 1022 3300 iamprocinciae
1036 3239 1063 3286 in
1078 3238 1182 3287 dicione

224 3308 443 3369 damnauerunt,
463 3308 538 3355 etiarn
557 3307 625 3355 alias
644 3304 780 3367 probabile
802 3314 847 3356 est.
886 3306 940 3355 Nec
962 3308 1115 3372 refragatur
1137 3309 1182 3359 bic

224 3518 243 3567 d
293 3444 550 3583 ,§.1e)t.0f.§.1ss.
589 3442 630 3514 -§.
648 3448 706 3498 198.
723 3446 762 3509 Cf.
775 3446 806 3494 L.
817 3459 837 3497 8.
857 3448 880 3507 ἓ.
891 3457 912 3497 t.
931 3447 963 3494 D.
979 3446 1011 3495 de
1025 3453 1070 3495 tut.
1085 3454 1111 3495 et
1124 3463 1181 3496 cur.

242 3525 276 3566 at.
303 3527 384 3579 idn.
