2609 3942
454 181 511 217 ann
528 183 619 218 rusmr.
638 165 673 217 ll.
692 171 841 221 alr-220.
1056 171 1118 236 271

169 328 234 369 casu
249 328 282 367 ex
296 318 406 366 senatus
427 310 552 367 consulto
573 309 725 367 confirmari
745 312 881 385 legatum3
902 329 960 368 narn
981 329 1015 368 ex
1030 312 1118 369 uerbis

170 397 249 452 etiarn
265 394 318 450 hoc
332 411 396 450 casu
411 394 540 465 accidere,
557 403 587 448 ut
602 395 661 449 iure
677 394 748 449 ciuili
761 396 856 450 inutile
869 397 904 451 sit
915 396 1044 469 legatum,
1056 397 1119 453 inde

170 477 335 534 manifestam
363 493 439 545 esee,
469 479 541 550 quod
569 476 655 533 eidem
683 478 743 533 aliis
773 477 861 534 uerbis
883 488 956 535 recte
977 474 1118 553 ’legetur,¹

170 562 246 619 uelut
265 561 327 635 ’per
342 561 565 632 uindicationem,
585 577 635 634 per
654 560 866 633 damnationem,
887 562 992 617 sinendi
1007 558 1118 630 modo;²

169 654 338 702 runcantem
355 647 421 700 uitio
436 661 567 718 personae
577 645 694 717 legatum
711 662 765 701 non
778 646 877 717 ualere,
893 661 953 700 cum
965 648 989 700 el
1001 646 1119 719 legatum

170 731 215 801 sit,
238 731 281 785 eui
297 729 371 785 nullo
387 728 468 784 modo
482 729 567 801 legari
586 727 684 802 possit.
708 730 784 785 uelut
806 731 961 804 peregrino,
984 745 1043 785 cum
1065 746 1119 802 quo

170 814 324 870 testamenti
347 813 426 868 factio
447 829 501 868 non
523 815 567 869 sit.
611 829 666 887 quo
689 813 767 885 plane
789 830 852 869 casu
867 820 978 869 senatus
993 813 1119 867 consulto

169 898 247 953 loeus
262 912 317 952 non
332 905 384 953 est.
420 892 485 952 219.
509 897 575 952 ltem
590 898 676 952 nostri
696 906 884 969 praeceptores
907 896 980 969 qnod
995 898 1031 951 ila
1046 896 1118 969 lega·

169 990 228 1037 tum
243 987 295 1051 est,
311 980 385 1036 nulla
400 974 511 1054 ’(αἱία)8
527 982 629 1036 ratione
645 987 742 1053 putant
757 997 837 1055 posse
848 982 977 1053 consequi
989 996 1061 1050 eum,
1077 982 1119 1036 cul

169 1066 205 1121 ita
220 1063 302 1120 luerit
317 1065 446 1139 legatum,
461 1060 574 1138 ’quom⁴
588 1064 687 1121 iudicio
703 1064 818 1121 familiae
834 1063 1024 1135 erciscundae,
1046 1064 1120 1137 quod

130 1145 134 1154 '
169 1149 242 1205 inter
256 1148 370 1205 heredes
385 1148 418 1204 de
433 1148 580 1205 hereditate
592 1148 759 1219 erciscunda,
774 1149 801 1203 id
814 1156 855 1203 est
866 1147 1022 1217 diuidunda‚
1037 1150 1120 1220 accipi

170 1232 254 1288 solet:
278 1231 368 1289 officio
385 1233 454 1287 enirn
470 1231 565 1288 iudicis
581 1231 607 1287 id
620 1232 763 1299 contineri,
779 1240 809 1287 ut
823 1226 875 1286 ἐἰ5
892 1230 964 1303 quod
980 1248 1029 1303 per
1045 1247 1120 1303 prae·

170 1316 320 1389 ceptionem
336 1317 454 1389 legatum
470 1323 523 1387 est,
536 1315 711 1372 adiudlcetur.
748 1310 819 1372 220.
841 1313 915 1369 Unde
926 1313 1120 1386 intellegimus,

169 1399 235 1455 nibil
251 1400 325 1455 aliud
338 1398 485 1455 secundum
500 1405 655 1453 nostrorum
676 1405 881 1471 praeceptorum
903 1398 1056 1470 opinionem
1074 1413 1121 1469 per

169 1484 386 1556 praeceptionem
397 1482 482 1553 legari
494 1498 585 1553 posse,
598 1482 648 1535 nisi
664 1481 737 1552 quod
748 1482 888 1537 testatoris
901 1482 948 1536 sit:
965 1481 1038 1536 nulla
1051 1482 1120 1535 enim

171 1565 221 1620 alia
236 1580 295 1634 res,
311 1580 391 1635 quam
412 1563 582 1634 hereditaria,
599 1563 742 1620 deducitur
758 1567 784 1620 in
800 1566 852 1621 boe
866 1565 1007 1622 iudicium:
1029 1566 1120 1636 itaque

172 1649 196 1702 ai
211 1663 265 1701 noa
281 1663 355 1700 suam
371 1661 428 1700 rem
449 1661 481 1700 eo
503 1645 582 1700 modo
604 1653 721 1701 testator
740 1647 887 1719 legauerit,
907 1654 912 1713 1
931 1650 989 1702 iure
1012 1648 1118 1718 quidem
1133 1663 1191 1711 111.

173 1729 243 1785 ciuili
258 1728 353 1784 inutile
368 1730 420 1783 erit
435 1726 569 1801 legatum3
590 1727 638 1782 sed
658 1744 690 1783 ex
711 1738 819 1784 senatus
841 1729 965 1785 consulto
981 1727 1121 1783 confirma·

171 1814 252 1870 bitur.
286 1813 376 1886 aliquo
391 1820 480 1867 tamen
495 1827 559 1867 casu
574 1813 653 1866 etiam
669 1811 780 1867 alienam
794 1827 850 1867 rem
864 1811 942 1884 (per)
956 1813 1123 1883 praeceptio·

171 1913 232 1952 nem
247 1896 333 1970 legari
347 1912 429 1969 posse
449 1894 583 1951 fatentur:
605 1894 690 1950 ueluti
712 1897 735 1951 si
759 1896 819 1969 quis
835 1911 891 1950 eam
907 1910 964 1950 rem
980 1895 1123 1968 legauerit,

97 1989 161 2040 [194]
172 1997 250 2054 quam
272 1980 400 2036 creditori
425 1977 534 2034 fiduciae
556 1995 634 2035 causa
656 1980 787 2052 mancipio
807 1978 926 2047 dederit;
948 1994 1008 2033 nam
1032 1976 1122 2033 officio

170 2064 265 2120 iudicis
281 2063 428 2120 coheredes
439 2063 506 2135 cogi
520 2078 600 2136 posse
616 2065 767 2119 existimant
782 2056 880 2119 ’soluta
896 2063 1008 2136 pecunia
1024 2056 1120 2117 luere⁶

172 2164 229 2206 earn
257 2165 329 2209 rem,
357 2154 389 2203 ut
417 2148 504 2220 possit
532 2148 694 2220 praecipere
726 2152 765 2218 is,
796 2148 839 2203 cui
863 2148 900 2202 ita
929 2146 1048 2219 legatum
1077 2146 1122 2202 sit.

245 2336 266 2405 ¹)
280 2340 371 2400 legatur
386 2338 411 2388 0.
426 2339 482 2388 edd.
557 2335 577 2404 ²)
590 2339 636 2388 Ex
651 2340 742 2391 (idaci.
757 2342 796 2391 ed.
820 2341 853 2391 In
869 2340 894 2390 0.
905 2348 968 2404 poet
985 2355 1030 2404 per
1044 2341 1122 2390 uindi-

173 2410 291 2461 cationem
308 2409 423 2458 additur·
434 2417 465 2458 et.
497 2406 662 2469 Quamobrem
678 2411 784 2461 Laclam.
799 2429 821 2461 o.
841 2425 885 2475 per
903 2412 1078 2460 damnationem
1099 2420 1123 2460 et

172 2495 217 2544 per
236 2480 420 2529 uindicationem
436 2494 488 2543 pro
508 2481 672 2543 interpolatis
692 2480 812 2531 dubuerat
836 2480 954 2547 (poterat
975 2484 1043 2531 enim
1067 2483 1123 2532 loco

173 2553 275 2600 illorum
289 2552 364 2599 etiam
378 2550 472 2599 sinendi
485 2548 575 2616 modo),
585 2564 636 2600 non
650 2552 775 2615 intellipo.
799 2558 823 2599 et
837 2553 912 2599 uncie
922 2553 983 2600 incl.
993 2551 1041 2616 Bp.
1052 2553 1091 2600 ed.
1101 2563 1123 2604 5.

174 2618 195 2687 8)
210 2620 318 2679 Addidi,
332 2637 389 2671 cum
402 2620 532 2670 exciderit
541 2626 652 2682 propter
666 2619 749 2667 nulla.
807 2617 829 2685 ⁴)
843 2620 906 2682 quod
922 2619 948 2669 0.
963 2618 1075 2686 (sactum
1089 2637 1124 2671 ex

172 2706 209 2756 q„
223 2698 360 2755 postquam
380 2691 424 2739 alia
444 2687 590 2753 interierat)
611 2685 1123 2758 ‘(praeter)quam'ed.B9.nulla(o1ia)

173 2777 316 2825 ...uuam
329 2762 369 2810 ed.
386 2760 432 2825 Bp.
446 2771 467 2812 5.
525 2756 547 2823 δ)
566 2758 593 2805 V
594 2752 615 2789 Β*
628 2772 678 2807 non
693 2766 717 2806 et
730 2758 787 2808 edd.
848 2754 869 2823 ⁶)
884 2759 984 2808 solutam
998 2763 1123 2823 pecuniam

173 2831 267 2880 soluere
277 2831 312 2888 0.,
327 2837 356 2879 ut
368 2836 503 2893 appareat,
514 2828 650 2877 librariam
661 2842 712 2876 eam
726 2843 777 2877 rem
791 2829 827 2877 ad
835 2832 969 2892 sequentia
983 2832 1124 2879 tradentem

169 2902 308 2965 pecaniam
321 2907 433 2949 mutuam
442 2900 528 2948 daiam
538 2894 661 2962 (solutam)
670 2899 747 2948 reddi
756 2897 873 2965 (soluere)
883 2900 1042 2949 intelteaeiaee
1052 2901 1124 2950 ideo-

173 2985 221 3035 que
234 2985 269 3021 eor
283 2971 348 3019 luere
359 2970 456 3032 secisse
469 2970 571 3017 soluere.
601 2967 655 3018 Nec
673 2984 710 3017 me
724 2977 816 3026 movet,
838 2971 906 3034 quod
919 2970 1034 3032 praeder
1044 2984 1124 3032 prae·

173 3042 268 3105 dinque
281 3042 360 3090 soluti
372 3042 506 3104 solataque
515 3039 647 3088 dicuntur.
671 3039 747 3087 soluta
762 3040 863 3103 pecunia
873 3040 967 3088 soluere
978 3039 1036 3088 edd.
1049 3035 1124 3106 [so]l·

173 3126 230 3161 uere
244 3112 284 3160 ed.
299 3110 346 3175 Bp.
361 3121 382 3162 t.

244 3281 269 3354 ξ.
283 3288 343 3337 219.
365 3286 403 3348 Cf.
422 3285 531 3349 Tlaeopll.
546 3287 562 3334 l.
578 3300 599 3333 e.
616 3285 691 3334 Paul.
707 3296 728 3344 2,
743 3296 763 3335 o.
777 3286 800 3345 §-
816 3296 836 3333 1.
860 3283 949 3346 elipe.
964 3296 998 3335 22.
1013 3286 1035 3347 §-
1050 3297 1070 3336 1.
1090 3286 1122 3336 D.

171 3357 234 3419 fam.
249 3371 300 3406 erc.
316 3355 401 3423 (rna)
422 3356 453 3405 L.
469 3368 502 3407 ar.
517 3357 539 3417 ξ.
550 3367 570 3406 2.
589 3354 622 3403 D.
632 3356 665 3405 de
679 3357 727 3419 lep.
738 3366 758 3405 ι.
808 3349 834 3420 §.
845 3356 906 3403 220.
927 3353 964 3416 Cf.
980 3353 1034 3418 d'tp.
1045 3368 1078 3412 na,
1089 3369 1123 3407 11.

172 3442 254 3489 supra
268 3429 290 3488 5.
306 3438 352 3479 127.
367 3427 399 3475 L.
414 3438 448 3478 22.
467 3426 499 3475 D.
512 3426 574 3488 sam.
590 3440 642 3475 erc.
658 3424 702 3491 (10,
717 3423 748 3490 2).
769 3424 845 3473 Paul.
860 3435 877 3486 2,
895 3435 915 3477 6.
935 3426 959 3485 §-
974 3437 994 3478 u.
1013 3426 1045 3475 L.
1060 3438 1080 3478 o.
1097 3428 1122 3477 0.

172 3497 206 3546 de
216 3497 303 3559 fideic.
318 3495 349 3563 (o,
362 3496 407 3564 ta).
427 3493 539 3564 llduciee]
555 3495 589 3557 cf.
605 3508 625 3553 2,
640 3507 673 3547 oo.
