2609 3942
455 213 516 248 nnn
534 213 636 249 msam.
654 195 703 249 IV.
720 201 829 253 95-98.
1059 201 1122 266 379

164 354 238 426 oiim,
254 370 314 409 oum
329 354 390 428 lege
405 353 545 428 agebatur,
560 370 611 427 pro
626 353 674 409 lite
690 362 718 410 et
733 356 867 425 uindiciis,
882 356 910 411 id
924 365 966 412 est
981 375 1032 431 pro
1048 375 1078 414 re
1093 367 1121 415 et

163 437 305 507 fructibus,
323 456 337 493 a
350 454 511 511 possessore
521 439 630 511 petitori
644 437 786 495 dabantur.
815 435 863 497 95.
876 439 999 496 Ceterum
1012 444 1035 497 si
1047 445 1122 517 apud

163 523 348 578 centumuiros
368 524 474 596 agitur,
498 538 626 577 summam
645 524 801 595 sponsionis
823 539 879 579 non
903 540 953 596 per
978 525 1120 582 formulam

162 607 296 681 petimus,
316 605 364 661 sed
387 605 518 680 perlegis
533 607 683 676 astionem,
706 615 871 662 sacramento
894 601 1120 687 ’(quinpenario)

162 693 243 747 mado
258 706 306 745 rea
321 683 501 763 prouocat03¹
520 706 605 761 eaque
620 691 732 762 sponsio
747 692 936 747 sestertiorum
950 707 1119 749 1111111111-

94 793 147 846 [sor]
163 791 235 830 mum
261 772 328 829 ’fieri
352 767 442 829 soiet²
465 768 469 850 i
493 783 605 847 propter
630 772 729 847 'legem
750 804 791 813 —
812 804 851 814 —
875 768 943 833 -.³
988 771 1038 832 96.
1060 776 1187 849 ipseeee.

163 866 266 929 autem,
290 859 336 931 qui
355 859 383 914 in
398 874 454 913 rem
471 859 542 930 agit,
564 859 588 912 si
608 873 658 912 suo
679 858 786 913 nomine
808 867 886 932 agat,
908 861 974 916 satis
989 876 1044 915 non
1065 860 1119 920 dat.

162 938 209 1000 97.
232 943 270 998 do
284 959 335 998 neo
353 943 375 996 si
396 958 446 1014 per
461 942 629 1013 cognitorem
646 941 753 1012 quidem
776 951 885 1017 agatur,
907 943 960 999 uila
980 943 1120 1000 satisdatio

162 1026 206 1082 uel
229 1025 261 1082 ab
286 1028 346 1098 ipso
368 1025 413 1080 uei
433 1042 446 1079 a
468 1024 577 1080 domino
604 1024 788 1083 desideratur:
813 1044 873 1083 cum
896 1029 965 1084 enim
988 1029 1069 1084 sertis
1092 1035 1121 1084 et

163 1111 238 1183 quasi
254 1109 429 1165 sollemnibus
446 1107 537 1164 uerbis
560 1109 586 1164 in
607 1108 696 1165 locum
712 1111 813 1167 domini
828 1112 1011 1169 substituatur
1026 1114 1120 1186 cogui-

162 1201 220 1265 tor,
248 1195 344 1249 merito
367 1193 466 1249 domini
494 1192 555 1249 loeo
578 1192 702 1250 habetur.
746 1190 796 1251 98.
818 1195 983 1252 Procurator
1006 1213 1072 1253 uero
1096 1197 1118 1252 si

162 1287 234 1351 agat,
249 1277 381 1333 satisdare
396 1276 505 1333 iubetur
526 1287 615 1333 ratam
630 1294 687 1333 rem
703 1277 840 1333 dominum
856 1278 1024 1334 habiturum:
1047 1282 1119 1352 peri·

161 1403 220 1465 quia
234 1399 274 1447 ed.
289 1398 336 1462 Bp.
361 1398 413 1447 Sed
426 1407 487 1448 tane
497 1414 551 1447 esse
561 1398 678 1447 deberet:
692 1405 716 1446 et
725 1399 787 1462 quia.
811 1399 884 1449 Nune
894 1397 975 1449 ‘nam’
991 1401 1031 1449 ed.
1041 1400 1088 1466 Bp.
1100 1412 1119 1453 s.

235 1465 257 1531 1)
271 1463 566 1535 irrreirep(1·o)uonatu(uei
580 1466 612 1532 o).
649 1467 695 1517 Sie
709 1469 768 1531 fere
788 1468 815 1517 V
815 1465 836 1501 ‘t
845 1473 944 1532 partim
958 1485 993 1520 em
1005 1470 1120 1521 Btnnmo·

161 1547 186 1590 et
211 1537 301 1588 961111.
324 1536 417 1588 Seded.
454 1538 487 1586 In
507 1538 533 1586 O.
551 1545 614 1601 post
636 1545 785 1587 sacramento
809 1542 911 1591 ratione
932 1544 1009 1591 etiam
1031 1542 1120 1592 habita

164 1609 255 1660 Gdsod.
269 1608 361 1659 Seked.
379 1609 463 1671 faisse
482 1615 558 1657 antea
576 1609 638 1657 milti
654 1609 789 1658 videbatur
803 1610 874 1659 Dario
891 1613 895 1674 Ι
911 1619 1041 1675 reponente
1055 1612 1119 1677 (pro

161 1697 203 1731 reo
218 1677 359 1745 prouocato)
383 1678 452 1742 quod
470 1677 663 1741 interpretabar
682 1680 982 1744 111113111111(1[.1,11)
1001 1697 1043 1731 111
1062 1698 1118 1746 pro-

161 1758 255 1801 uocato.
295 1750 380 1812 Neque
403 1751 469 1797 enim
489 1749 572 1811 facile
589 1756 696 1811 poterat
717 1749 798 1798 Gaius
818 1754 976 1800 sacramenti
1000 1767 1119 1800 summam

153 1824 289 1878 amittere,
305 1836 361 1869 sum
374 1820 522 1881 sponsionis
536 1819 669 1880 definiret;
687 1820 723 1867 ad
736 1821 907 1870 centumuiros
920 1836 980 1870 uero
997 1822 1029 1869 de
1043 1822 1120 1871 rebus

161 1892 302 1942 maioribus
320 1897 417 1940 tantum
435 1896 519 1938 aetum
532 1903 587 1938 esse
604 1896 705 1938 canstat
722 1896 747 1938 et
765 1888 887 1938 Valerius
902 1890 1005 1940 Probus
1022 1898 1119 1941 tantum

161 1969 348 2012 sacramentum
362 1962 559 2025 qainpenarium
573 1961 651 2008 nouit.
677 1961 728 2008 iam
742 1976 798 2009 eum
811 1958 900 2008 Staius
914 1968 1033 2018 testetur,
1048 1964 1075 2010 in
1092 1962 1118 2013 0.

161 2033 233 2082 Dario
247 2048 298 2082 non
309 2033 407 2095 fuisse,
425 2031 474 2080 doe
488 2046 505 2079 a
520 2030 630 2079 librario
644 2032 762 2079 omissum
775 2032 868 2088 statui,
885 2031 978 2080 deinde
992 2047 1053 2081 uero
1067 2048 1119 2082 non

161 2104 225 2152 enim
239 2101 372 2167 (natatum)
386 2117 421 2151 eas
434 2101 475 2151 Bl.
489 2099 592 2159 Sehed„
607 2101 677 2164 quod
688 2103 788 2157 sensui,
803 2116 850 2149 nee
864 2101 919 2149 inde
935 2102 985 2165 (ed.
1000 2099 1033 2165 1),
1052 2104 1120 2165 quod

160 2175 309 2237 scripturae
325 2173 350 2221 0.
361 2187 412 2222 non
425 2174 551 2230 conuenit,
565 2173 613 2221 sed
626 2187 694 2221 nune
708 2169 800 2237 m(odo)
814 2173 939 2235 seriptum
950 2173 1035 2235 fuisse
1045 2180 1119 2235 puta,

161 2244 312 2302 1111111111,
332 2243 400 2306 quod
413 2258 474 2291 reus
488 2249 585 2292 tantum
599 2242 809 2313 provocaturum
827 2258 890 2307 erpo
905 2249 958 2292 tota
976 2244 1040 2293 daea
1055 2245 1119 2307 lepis

162 2316 230 2363 aetio
244 2315 317 2363 modo
337 2314 404 2361 dieis
420 2314 509 2377 pratia
524 2316 551 2361 in
567 2329 614 2362 usn
632 2321 733 2363 retenta
749 2321 814 2363 erat.
841 2314 956 2376 sortasse
970 2330 1031 2364 uero
1041 2317 1119 2377 prins

161 2399 187 2433 re
202 2400 236 2433 era
255 2381 351 2450 (aite)ro
370 2385 501 2431 remansit.
535 2382 578 2431 sed
596 2397 639 2445 per
658 2384 716 2444 legis
734 2385 864 2445 astionem3
885 2393 1033 2434 sacramento
1056 2387 1119 2434 enim

161 2469 230 2504 reum
243 2468 402 2518 prodonamus
417 2453 474 2502 edd.
489 2459 514 2501 et
527 2467 582 2500 mea
596 2465 630 2513 1.,
649 2455 677 2501 in
691 2469 742 2515 qua
755 2469 807 2516 pro
822 2469 890 2503 reum
905 2458 938 2519 ej.
953 2470 1119 2519 possessorem

161 2527 230 2579 natis
242 2527 374 2588 seriptum.
431 2519 452 2587 ²)
467 2523 493 2571 ut
506 2522 604 2571 seilicet
616 2522 674 2570 edd.
685 2538 754 2571 meae
769 2536 788 2573 1.
798 2534 819 2571 1.
837 2530 862 2572 et
875 2540 909 2572 ese
923 2529 955 2588 ej.
967 2542 1035 2576 nune
1044 2525 1117 2576 Sena.

165 2594 239 2655 Quod
252 2597 278 2644 in
296 2595 320 2644 0.
337 2601 554 2650 remunerasse,
572 2592 625 2640 tieri
639 2590 701 2640 solet
713 2594 839 2654 seriptum
854 2594 938 2654 fuisse
953 2612 1043 2658 posse,
1062 2613 1119 2646 eum

72 2686 81 2703 ·
161 2665 250 2715 Staius
264 2671 383 2722 testetur,
402 2680 470 2713 nane
488 2663 536 2712 dos
554 2663 633 2711 edidi.
708 2656 956 2725 8)11111111,1111111111
976 2663 1026 2713 Vii.
1051 2667 1119 2715 unde

162 2736 239 2797 legem
256 2736 359 2799 quidam
377 2734 528 2797 Crepereiam
547 2735 595 2782 alii
613 2731 731 2795 Papiriam
755 2734 898 2782 antumant.
931 2734 1055 2796 Equidem
1073 2738 1120 2784 uias

161 2806 258 2863 dubito,
273 2807 302 2854 id
315 2806 383 2869 quad
396 2807 423 2853 in
439 2805 465 2855 O.
480 2805 647 2866 conspicitur,
663 2809 785 2865 corrupte
800 2817 854 2851 esse
867 2804 992 2866 seriptum
1001 2819 1054 2866 pro
1068 2804 1119 2866 iege

162 2876 203 2925 int.
219 2877 335 2940 papirium
350 2897 383 2917 =
398 2876 474 2937 legem
493 2875 575 2923 Iuliam
589 2873 721 2937 Papiriam,
740 2887 805 2938 qnae
824 2875 869 2922 lex
887 2874 942 2920 iata
960 2889 984 2921 a.
999 2885 1039 2923 111
1054 2871 1119 2937 (Cio.

162 2948 194 2996 de
208 2962 263 3009 rep.
274 2959 295 3007 1,
310 2956 343 2997 11.
363 2946 421 2997 Liu.
432 2957 452 3007 4,
463 2943 500 3010 so)
515 2946 590 2994 etiam
603 2945 652 2994 doe
666 2945 769 2993 uidetur
782 2945 911 3001 sanxisse,
927 2958 958 2992 ne
972 2957 1120 2992 sacramen-

233 3048 258 3120 §.
274 3054 316 3102 95.
338 3052 376 3115 Of.
391 3053 414 3113 5.
429 3063 463 3102 11.
482 3065 526 3114 per
544 3050 603 3112 legis
622 3047 751 3117 actionem]
773 3050 858 3099 Antea
877 3050 953 3098 etiam
971 3050 1029 3111 ipsa
1047 3048 1120 3097 itere·

162 3123 232 3173 ditas
246 3138 297 3186 per
315 3124 380 3186 lepis
393 3123 519 3171 astionem
532 3121 723 3171 uindicabatur.
750 3121 802 3171 Oia.
822 3120 899 3170 Verr.
914 3130 983 3181 1,11.
1006 3119 1119 3168 deerat.

162 3207 183 3255 1,
198 3205 224 3244 11
235 3194 280 3255 fin.
296 3192 365 3257 qnod
378 3200 469 3256 postea
488 3191 624 3247 ubaldum,-
642 3194 804 3256 nequeenim
822 3191 951 3240 uindicias
969 3189 1121 3239 hereditatis

162 3265 218 3314 diei
225 3265 336 3326 pinonit,
350 3265 425 3313 euius
434 3265 530 3312 auitum
539 3263 691 3312 retinendae
696 3263 870 3325 possessionis
880 3261 1044 3310 interdictam
1054 3267 1119 3308 erat.

165 3335 203 3399 Of.
223 3335 312 3383 Vater.
328 3333 406 3383 Proh.
420 3345 441 3384 1.
496 3328 925 3400 99101111111111111.
980 3326 1005 3399 §-
1022 3332 1064 3380 98.
1081 3329 1120 3394 Cf.

157 3421 203 3470 pr.
222 3403 245 3453 I.
265 3405 289 3453 d.
308 3411 325 3452 t.
345 3405 377 3453 L.
392 3415 426 3456 11.
446 3406 469 3466 5.
485 3417 505 3454 1.
525 3403 557 3455 L.
572 3414 606 3454 11.
625 3405 649 3464 §-
665 3415 684 3452 1.
709 3403 741 3451 D.
756 3404 788 3451 de
803 3418 879 3465 praa.
895 3399 976 3467 (1,1).
997 3401 1040 3450 Fr.
1061 3399 1121 3451 Vnt.

161 3488 209 3528 111.
231 3475 342 3525 Censuit.
357 3487 379 3526 1.
398 3475 429 3522 L.
444 3485 478 3525 11.
499 3475 522 3535 §-
536 3487 557 3525 8.
577 3474 608 3522 D.
624 3480 708 3522 ratam
727 3490 781 3523 rem
795 3471 846 3540 (41,
861 3473 892 3537 8).
912 3473 944 3521 L.
960 3484 993 3523 11.
1008 3474 1031 3535 ἕ.
1047 3485 1067 3525 1.
1087 3472 1120 3521 Ι).

162 3547 195 3596 de
208 3561 267 3596 ene.
282 3547 322 3594 rei
335 3546 389 3597 iud.
404 3543 449 3611 (41,
464 3543 496 3609 1).
