2609 3942
434 218 492 254 osu
509 219 600 256 marm.
618 201 653 255 Il.
672 209 792 258 25-26·.
1031 207 1093 272 227

135 374 237 415 uiuam
248 375 289 414 mx
300 374 372 416 avum
387 374 552 424 ovrmmvm
562 376 650 417 meum
662 376 737 417 essm
751 377 821 428 n103
838 360 935 417 deinde
950 372 1094 436 postquam

135 443 181 498 hie
195 442 381 511 uindicauerit,
398 450 523 514 praetor
535 447 692 517 interrogat
704 460 775 514 eum,
793 444 839 516 qui
852 445 933 515 cedit,
953 464 985 501 au
1000 456 1093 503 contra

135 526 269 593 uindicem
282 543 336 598 quo
348 536 464 600 negante
478 534 525 581 aul
538 536 643 582 tacente
659 537 723 583 tuno
735 529 770 597 ei,
783 530 828 599 qui
839 528 1023 599 uindicauerit,
1036 546 1093 585 eam

134 627 193 665 rem
208 609 322 678 addicit;
337 611 419 681 idque
434 611 502 683 legis
518 612 589 666 aetio
607 619 729 667 uocatur.
766 612 818 666 lroo
833 609 890 665 lieri
906 620 998 683 potest
1013 614 1093 667 etiam

134 696 162 749 in
183 694 332 767 prouinciis
347 696 425 765 opud
442 693 590 764 praesides
612 709 719 750 earum.
756 691 805 751 25.
822 694 984 767 Plerumque
1005 703 1094 750 tameu

134 786 164 834 el
185 777 243 834 lere
264 793 371 849 semper
394 777 634 851 mancipationibus
658 780 772 832 utimur:
796 778 869 851 quod
884 781 955 833 enim
972 780 1025 850 ipsi
1046 792 1105 851 per*

133 878 185 917 nos
212 859 398 935 praesentibus
422 864 512 917 amicis
534 878 615 934 agere
638 878 799 934 possumus,
829 863 881 918 hoc
903 878 956 918 nou
980 864 1095 917 interest

134 942 215 1020 (nec)
238 940 367 1001 neeesse¹
390 962 452 1001 aum
474 948 573 1001 maiore
595 943 752 1000 difficultate
774 949 848 1019 apud
868 954 1019 1018 praetorem
1046 952 1094 1000 aut

133 1033 208 1104 apud
228 1028 375 1103 praesidem
397 1030 552 1102 prouinciae
570 1045 659 1102 apere.
697 1024 745 1086 26.
769 1028 845 1097 Quod
868 1030 891 1084 si
912 1047 999 1103 usque
1021 1046 1093 1084 man·

134 1116 234 1187 cipeto,
262 1130 351 1186 neque
377 1115 405 1169 in
433 1115 491 1169 iure
520 1130 594 1170 cessa
623 1116 659 1193 sit
687 1130 731 1168 res
761 1107 895 1186 mancipi²
919 1111 1153 1214 l——tiitp

135 1229 286 1237 .——-

386 1313 613 1321 --———
634 1299 676 1337 vv.
695 1281 775 1337 1-5
791 1289 853 1338 med.
1110 1278 1150 1329 61.

65 1361 199 1427 [15312θὲ
216 1407 221 1419 .
238 1412 245 1426 .
260 1366 298 1422 ’in
312 1277 470 1437 prduinciis
485 1381 555 1421 uero
569 1381 627 1420 nan
643 1366 723 1421 modo
736 1367 740 1430 Ι
754 1364 889 1437 praedium
906 1366 1011 1419 nullum
1024 1273 1091 1433 pos·l
1105 1344 1121 1382 ²·
1136 1352 1155 1381 ⁸·

135 1465 280 1506 sessorum
299 1453 466 1520 proprium,
487 1451 539 1503 sed
558 1463 595 1503 ne
616 1448 736 1521 quildem
753 1447 806 1503 ulla
828 1446 911 1502 libera
927 1449 1022 1502 ciuitas
1038 1454 1090 1503 est.

210 1595 231 1660 ¹)
246 1612 290 1644 neo
299 1598 440 1659 duplicavi.
496 1593 517 1659 ²)
533 1597 601 1645 Puta
610 1604 724 1646 secutum
732 1612 787 1647 esse
798 1595 856 1647 ‘sed
865 1605 961 1647 tantum
971 1595 1090 1647 tradita’.

138 1668 254 1717 Ceteram
267 1668 343 1714 etiam
362 1661 407 1713 W
420 1679 454 1713 esc
468 1665 516 1713 dac
527 1681 589 1729 pap.
596 1681 684 1728 pauca
694 1674 790 1714 tantum
800 1670 912 1716 continet
923 1667 1001 1716 uerba
1016 1669 1091 1717 initio

135 1738 297 1803 quarundam
315 1750 445 1795 amenum,
464 1737 531 1782 uelut
550 1751 572 1781 u.
583 1747 603 1785 t.
618 1735 730 1799 m(odo?)
749 1737 817 1796 plena
836 1738 958 1798 possessio
977 1751 1092 1784 concessa

135 1826 158 1858 o.
169 1820 189 1859 s.
210 1821 237 1855 er
252 1805 351 1854 lormula
366 1819 507 1868 qtrsmqnam
525 1801 588 1869 (pra
606 1803 655 1852 doc
673 1805 720 1851 sed
737 1804 812 1852 dubie
831 1820 875 1867 qua
895 1806 919 1852 lui
936 1805 976 1867 qui
990 1803 1092 1869 Suppl.)

134 1891 197 1928 u.11.
209 1878 299 1925 fructus
309 1891 338 1924 na
349 1892 370 1924 a.
378 1886 410 1924 12.
432 1875 489 1922 ltem
499 1875 575 1923 adhue
586 1874 609 1921 in
620 1890 642 1921 u.
650 1885 683 1924 ta.
694 1888 740 1921 nou
750 1874 857 1921 luissent.
877 1872 1014 1936 Suspicari
1024 1876 1092 1936 licet,

136 1949 228 1998 Gaium
238 1949 265 1995 in
274 1947 325 1996 liae
330 1962 392 2010 pap.
397 1946 509 2008 primum
519 1945 627 2001 dimisse,
637 1959 692 1993 rem
701 1944 813 2006 mancipi
822 1945 945 1993 traditam
954 1951 1059 2003 tantum,
1068 1947 1093 1993 si

133 2020 234 2085 quidem
244 2034 260 2066 a
270 2019 325 2066 ciue
335 2016 417 2074 Rom,
427 2030 478 2064 non
492 2016 563 2077 effici
572 2016 726 2076 accipientis
739 2030 774 2063 en
787 2015 845 2063 iare
858 2012 930 2073 Quir.
941 2014 1022 2064 donec
1032 2030 1091 2063 nsu-

133 2083 1091 2153 capiaturlinbonisfieri,posteademumdicit§.41.);siveroapereprino,

132 2177 190 2210 cum
203 2174 252 2224 quo
267 2161 309 2207 ius
323 2158 469 2207 commercii
478 2170 528 2204 non
542 2156 584 2214 sit,
595 2156 707 2219 perinde
721 2170 817 2205 esseae
829 2157 854 2204 si
868 2170 915 2205 nec
927 2157 1040 2218 mancipi
1048 2170 1092 2205 res

132 2231 232 2279 tradita
239 2236 305 2277 esset
310 2228 355 2292 (cf.
362 2228 398 2275 ad
403 2225 447 2274 Fr.
458 2225 484 2275 V
482 2233 516 2274 at.
522 2238 548 2276 4⁸1
555 2226 618 2290 not.)
622 2243 633 2282 ,·
641 2233 720 2275 totum
729 2227 795 2274 enim
802 2226 850 2276 dec
857 2241 945 2274 rerum
951 2227 1092 2275 discrimen

132 2303 201 2349 iuris
211 2301 297 2348 ciuilis
307 2312 375 2346 esse:
388 2297 435 2345 sed
443 2310 490 2346 nec
504 2297 644 2345 traditione
655 2297 769 2358 praedia
778 2298 965 2359 provincialia,
976 2299 1091 2360 quamuis

132 2369 367 2430 necmanaipisint,
375 2368 527 2429 accipientis
532 2368 610 2429 plena
619 2368 750 2429 iurefieri,
758 2369 877 2430 quoniam
882 2369 1091 2430 priuatiseornm

132 2448 231 2491 tantum
244 2439 313 2502 plens
322 2437 445 2500 possessio
455 2451 568 2485 concessa
578 2435 627 2493 sit,·
641 2445 810 2486 verumtamen
825 2454 881 2487 eum
895 2453 994 2501 quoque
1003 2453 1031 2486 ex
1040 2439 1090 2487 lor·

132 2511 204 2572 mula,
219 2522 353 2573 quanquam
363 2522 413 2557 non
424 2523 462 2565 ea,
478 2522 542 2570 qnae
557 2508 659 2556 damino
669 2509 726 2555 iure
736 2509 808 2556 ciuili
818 2510 944 2570 competit,
954 2509 1090 2558 uindicare

127 2596 206 2645 posse
233 2588 272 2629 set
286 2586 311 2627 et
322 2579 439 2641 fructus,
455 2585 482 2626 nt
492 2585 596 2626 nostrae
609 2577 713 2626 scholae
727 2586 848 2626 auctores
856 2585 956 2639 putant,
970 2593 1091 2642 eosquos

131 2666 213 2714 opera
222 2666 271 2699 sua
281 2650 434 2712 acquisierit
444 2646 485 2713 (L.
492 2658 526 2699 45.
537 2647 569 2694 D.
576 2648 607 2695 de
615 2661 686 2694 usur.
693 2647 726 2707 is,
733 2647 765 2710 1),
775 2647 913 2695 secundum
923 2648 1089 2699 Proculeianu-

130 2738 189 2770 rum
199 2728 282 2769 autern
291 2720 441 2768 sententiam
451 2719 526 2766 etiam
537 2718 695 2766 aliosamnes
705 2717 795 2764 lructus
805 2719 916 2765 naturali
923 2721 1025 2767 ratione
1034 2721 1091 2768 eius

127 2792 240 2855 perinde
249 2806 281 2839 aa
291 2790 388 2839 domini
393 2790 469 2851 fieri;
479 2788 534 2836 item
543 2787 618 2834 adhuc
627 2787 650 2833 io
657 2788 820 2848 possessione
827 2800 915 2834 earum
920 2789 1090 2849 praediorum

131 2863 169 2910 ad
177 2861 307 2911 obtinenda
317 2874 348 2908 ea
358 2874 409 2908 non
423 2858 581 2919 usucapione
595 2856 703 2920 quidem,
717 2858 741 2905 si
750 2856 893 2905 venditoris
904 2854 907 2921 l
921 2871 967 2904 non
981 2858 1089 2920 inissent,

130 2932 179 2982 scd
183 2946 234 2994 per
241 2931 312 2994 lonpi
318 2929 439 2992 temporis
442 2928 675 2990 praescriptionem
682 2929 751 2975 tueri
760 2942 787 2975 se
790 2941 876 2989 passe.
896 2927 996 2975 Deinde
1003 2929 1030 2974 in
1037 2929 1090 2990 line

131 3003 210 3051 liuius
213 3017 275 3065 pap.
283 3007 308 3049 et
311 3001 398 3062 prima
406 3007 482 3062 parte
488 3002 624 3061 sequentis,
635 2997 679 3045 nbi
685 2997 773 3046 Sidus
780 3005 877 3046 tantuna
885 2997 1008 3060 quaedam
1018 3004 1090 3046 certa

131 3072 211 3122 uerba
220 3073 296 3121 initio
304 3084 429 3127 amenum,
439 3071 507 3117 uelut
514 3080 563 3118 ma.
583 3064 867 3133 (com)lmunicatioue(?)
876 3082 922 3115 noa
931 3066 965 3132 (l)
973 3078 1021 3117 us.
1033 3067 1089 3132 alst)

131 3157 179 3207 quo
190 3143 285 3190 nomine
295 3158 318 3190 u.
328 3151 349 3191 5.
365 3140 488 3202 praedium
497 3141 582 3203 tepere
590 3141 685 3201 potuit,
698 3138 778 3187 Gaius
788 3141 890 3187 uidetur
899 3139 1049 3200 exposuisse
1058 3138 1090 3186 de

132 3216 190 3262 iure
200 3213 354 3269 commercii,
367 3207 370 3274 1
382 3225 429 3274 quo
439 3210 533 3257 nomine
543 3209 642 3257 emendi
656 3210 834 3272 uendendique
848 3209 944 3257 inuicto
959 3210 1000 3257 ius
1008 3210 1089 3272 sipni·

128 3285 239 3346 ficator,
258 3289 283 3332 et
297 3282 401 3345 plenius
421 3281 521 3344 quidem
539 3295 614 3343 quam
639 3279 693 3342 Uip.
709 3290 838 3340 19‚14.1t.
871 3278 1089 3342 Mancipationem

131 3367 205 3411 uero,
225 3356 249 3402 si
263 3352 295 3402 ab
309 3367 351 3408 eo,
371 3352 472 3414 quicum
490 3352 531 3399 ius
552 3351 697 3399 commercii
710 3351 757 3406 sit,
777 3364 819 3398 res
834 3351 947 3411 mancipi
960 3352 1088 3413 mancipio

130 3426 292 3487 accipiatur,
316 3423 391 3471 etiam
410 3436 503 3470 nemum
522 3423 666 3480 continere,
688 3422 705 3467 i.
725 3434 746 3467 e.
766 3427 794 3468 ut
816 3421 935 3470 uenditor
953 3422 1036 3471 euicta
1058 3437 1088 3470 re

202 3541 229 3612 ξ.
243 3546 285 3595 26.
302 3544 340 3606 Os.
356 3555 377 3605 1,
391 3539 440 3594 21¹³.
512 3539 535 3610 ξ.
552 3545 608 3593 26⁸.
626 3542 664 3605 Cf.
678 3558 760 3605 supra
773 3545 795 3606 ἕ.
811 3555 831 3598 i.

835 3627 887 3680 15*
