2609 3942
499 230 557 265 usn
574 231 667 266 msere.
685 213 732 268 IV.
752 220 794 268 60.
1051 214 1114 278 3ὅῖ

166 356 290 430 singulos
313 373 422 430 quoque
447 360 557 414 emisse:
585 359 666 433 idque
687 361 723 416 ita
744 362 864 417 maxime
889 362 1006 417 Labeoni
1028 363 1116 419 uisum

166 449 216 496 est.
261 438 309 496 sed
332 442 354 497 si
377 442 411 511 is,
427 443 472 514 qui
487 459 569 497 unum
585 446 689 513 emerit,
709 443 742 500 de
764 444 872 501 duobus
894 446 995 518 egerit,
1018 445 1115 502 iuisum

165 524 341 581 demonstrat.
371 524 441 580 idem
457 533 484 580 et
499 528 526 581 in
541 527 600 582 aliis
615 527 765 583 actionibus
786 537 839 599 est,
855 528 930 584 uelut
946 528 1115 592 commodati,

166 607 293 681 depositi.
337 604 388 667 60.
412 607 465 664 Sed
485 625 536 665 nos
557 613 631 684 apud
650 613 779 684 quosdam
802 613 931 686 seriptum
952 613 1115 684 inuenimus,

166 692 192 746 in
219 693 325 748 actione
347 687 480 765 depositi¹
503 701 531 749 et
553 693 669 767 denique
691 696 718 750 in
741 697 839 753 ceteris
862 694 996 765 omnibus,
1019 695 1115 768 quibus

165 774 305 831 damnatus
333 777 521 849 unusquisque
548 778 695 851 ignominia
724 787 850 850 notetur,
879 795 954 850 eum,
983 780 1028 852 qui
1055 780 1116 852 pius

167 875 246 931 quam
269 867 409 932 oporteret
431 859 668 933 demonstrsuerit,
690 862 766 918 litem
781 862 904 936 perdere,
925 862 1002 917 uelut
1016 864 1039 917 si
1055 864 1116 935 quis

166 958 218 998 uns
240 959 269 998 re
292 943 416 1017 deposita
443 941 508 999 dues
536 939 694 1018 ’pluresue²
717 939 904 1024 (de)posuisse
926 940 986 1022 (se)
1007 945 1116 1002 demon·

165 1028 302 1097 strauerit,
318 1035 365 1083 aut
379 1029 402 1083 si
417 1028 451 1099 is,
463 1029 505 1082 eui
520 1044 614 1102 pugno
629 1029 698 1085 mais
712 1046 839 1104 pereussa
850 1039 901 1099 est,
917 1032 945 1086 in
956 1031 1062 1087 actione
1076 1032 1116 1087 in·

165 1110 291 1165 iuriarum
307 1113 387 1166 etism
402 1111 479 1167 sliam
494 1122 599 1186 partem
619 1117 742 1188 corporis
762 1131 916 1188 percussam
938 1115 987 1170 sibi
1003 1115 1115 1171 demon·

165 1195 307 1250 strauerit:
330 1195 402 1268 quod
425 1212 458 1251 sn
474 1195 618 1252 debeamus
638 1198 748 1253 eredere
766 1201 857 1253 uerius
872 1214 943 1266 esse,
958 1197 1115 1269 diligentius

164 1278 343 1351 requiremus.
373 1289 446 1334 certe
461 1295 521 1335 eum
533 1280 601 1335 duae
617 1282 672 1336 sint
683 1281 800 1354 depositi
816 1279 955 1341 formulae,
968 1280 1017 1335 alis
1031 1283 1059 1335 in
1074 1282 1115 1336 ius

165 1367 306 1433 concepta,
322 1360 372 1416 aliu
387 1364 414 1415 in
430 1362 541 1430 fretum,
557 1365 628 1419 siout
642 1380 724 1435 supra
740 1379 849 1435 quoque
864 1365 1026 1433 notautmus,
1046 1371 1073 1418 et
1088 1366 1115 1420 in

165 1458 196 1498 es
212 1443 319 1514 quidem
335 1443 460 1514 formula,
475 1439 572 1517 'quere³
592 1447 620 1500 in
633 1447 677 1500 ius
693 1454 822 1520 concepto
837 1454 889 1515 est,
909 1447 986 1502 initio
1001 1463 1061 1517 res,
1082 1447 1115 1503 de

165 1542 218 1599 qna
233 1527 331 1599 agitur,
347 1525 575 1598 ’demonstretur,
596 1529 622 1583 id
644 1534 687 1584 est
708 1529 789 1585 modo
810 1522 999 1600 designetur‚⁴
1020 1530 1116 1586 deinde

164 1609 296 1666 inieratur
310 1611 377 1665 iuris
393 1613 533 1666 eontentio
549 1612 591 1666 his
607 1611 711 1667 uerbis:
736 1628 889 1676 ovmovm
905 1630 945 1671 oe
966 1629 1031 1670 meu
1051 1632 1116 1671 unu

165 1693 273 1751 'runnu
287 1709 353 1750 1un1
368 1709 451 1751 osen
473 1709 594 1752 nnenun
615 1709 772 1768 orosrnr,
794 1698 822 1752 in
845 1714 874 1752 eu
895 1713 978 1767 uero,
1000 1714 1067 1771 quse
1088 1701 1116 1752 iu

164 1777 264 1832 iactum
279 1786 413 1851 concepto
429 1785 481 1848 est,
497 1780 590 1834 statim
606 1779 684 1834 initio
706 1780 866 1834 intentionis
885 1779 938 1834 aiio
958 1780 1039 1835 modo
1061 1796 1113 1848 res,

90 1869 153 1920 [sse]
165 1859 199 1917 de
214 1877 265 1933 que
281 1863 380 1936 agitur,
397 1861 555 1936 designetur
570 1862 612 1917 his
628 1861 731 1917 uerbis:
755 1878 784 1919 m
799 1878 900 1920 rnunr
921 1878 1019 1921 muuu
1033 1876 1116 1919 nero

165 1940 368 2019 (mannen)
390 1961 486 2002 mesu
517 1960 723 2013 nnrosvmsn,
747 1945 867 2002 dubitare
898 1962 954 2002 non
977 1947 1115 2021 debemus,

164 2130 198 2164 eos
213 2111 252 2177 ἣτ’
265 2114 364 2177 foetum
378 2129 431 2164 esse
441 2121 514 2178 puto.
534 2116 607 2178 empti
620 2115 660 2164 ed.
675 2130 744 2164 meae
758 2116 845 2178 prior.
861 2115 924 2164 idem
939 2121 1040 2165 ceterae
1058 2113 1115 2177 (om.

163 2183 256 2250 stud),
267 2188 338 2245 maie,
349 2201 405 2235 eom
412 2188 439 2234 in
446 2187 500 2236 alio
506 2200 581 2236 servo
588 2186 663 2235 aliud
669 2193 771 2249 agatur.
812 2183 831 2248 ¹)
841 2185 994 2235 Exciderit:
1003 2186 1115 2235 mundati.

166 2252 187 2320 ²)
206 2254 250 2305 En
267 2270 322 2304 mea
336 2258 368 2318 ej.
388 2256 521 2320 (Zeitseir.
533 2257 556 2319 s.
569 2257 656 2320 gesen.
677 2256 748 2306 RW.
767 2256 846 2306 XIII.
857 2272 886 2321 p.
901 2257 951 2322 298)
970 2259 1046 2307 etsie
1060 2256 1117 2320 (sed

164 2333 189 2375 et
202 2323 323 2390 posuisse)
338 2325 366 2375 V
365 2321 386 2357 ¹²
399 2340 439 2374 res
452 2327 510 2375 edd.
525 2328 616 2376 omisso
627 2335 719 2390 postea
735 2323 794 2377 ‘se’.
855 2324 875 2392 ³)
888 2319 950 2392 duae
965 2330 992 2377 in
1009 2327 1034 2377 0.
1048 2330 1115 2378 seri·

159 2403 233 2459 ptum
246 2397 348 2445 ridetur
358 2396 450 2459 fnisse.
504 2394 526 2460 ⁴)
541 2397 740 2446 demonstratorio
754 2396 846 2462 m(odo)
857 2399 993 2460 designetur
1007 2400 1034 2447 V
1034 2395 1055 2432 ⁸²
1064 2414 1116 2463 pro

165 2468 340 2515 demonstretur
352 2473 377 2515 ie
392 2463 484 2531 m(odo)
499 2466 635 2527 designetur
644 2474 724 2528 puto:
741 2483 821 2530 neque
838 2468 887 2517 hoc
900 2484 953 2531 pro
965 2471 1116 2533 glossemate

164 2536 321 2594 habendum·
339 2539 445 2601 opponit
461 2536 541 2586 Gaius
559 2536 811 2593 demonstrationem,
831 2553 895 2600 quae
910 2540 982 2588 modo
996 2542 1116 2604 designa-

163 2609 258 2657 tionem
271 2609 319 2666 rei,
333 2609 358 2656 d.
370 2624 393 2671 q.
403 2623 438 2665 m,
452 2606 647 2670 necquidquam
660 2606 786 2654 desiderii
800 2608 839 2654 vel
853 2612 1024 2659 contentionis
1038 2610 1069 2673 (4,
1079 2611 1116 2676 41)

164 2680 286 2734 eontinet,
300 2684 325 2726 et
338 2679 509 2734 intentionem,
524 2691 574 2740 quo
589 2681 664 2725 actor
673 2683 733 2738 post
747 2674 824 2725 uerbo
838 2682 870 2722 st
880 2684 975 2724 fener
985 2682 1061 2729 etiam
1075 2683 1116 2729 ius

163 2763 236 2797 suum
250 2748 421 2797 contenditur
431 2748 506 2811 petit,
521 2761 644 2810 quamque
658 2749 735 2795 etiam
746 2746 861 2809 formula
875 2747 1008 2809 infactum
1019 2757 1116 2799 tantum

164 2819 218 2868 alio
227 2819 300 2867 modo
311 2819 442 2867 continere
451 2817 553 2868 ridetur
562 2818 600 2866 ita
609 2823 637 2866 ut
645 2818 721 2865 simui
733 2831 785 2876 res,
798 2817 823 2865 d.
835 2831 858 2880 q.
868 2831 902 2874 m,
916 2832 948 2865 ea
957 2817 1114 2882 designetur.

166 2888 262 2938 Contra
276 2889 303 2936 in
317 2889 428 2937 animum
441 2903 491 2938 non
503 2887 607 2945 induco,
620 2887 650 2935 id
662 2885 732 2950 quod
743 2901 806 2936 sone
820 2886 946 2936 librarius
959 2895 985 2936 et
998 2891 1078 2937 ooiuit
1091 2896 1117 2938 et

162 2954 285 3016 scripsit:
303 2953 502 3003 demonstratorio
525 2953 619 3019 m(odo)
643 2954 780 3015 designetur
802 2955 851 3018 (sie
869 2955 946 3003 etiam
964 2953 1012 3005 Kr.
1030 2956 1070 3004 ed.
1089 2955 1122 3020 2),

163 3024 247 3086 ipsum
264 3022 355 3072 Gaium
368 3026 517 3087 scripsisse,
535 3026 673 3089 genuinam
687 3031 712 3074 et
725 3040 811 3074 ueram
830 3025 1070 3075 demonstrationem
1082 3029 1122 3076 sie

163 3093 259 3141 tumide
273 3095 349 3142 etiam
364 3095 481 3144 inaudito
496 3096 625 3145 adieetioo
640 3094 703 3159 (pro
719 3093 915 3159 demonstrativo)
929 3097 1060 3145 dicentem.

236 3245 262 3318 ἓ.
277 3251 319 3301 60.
339 3249 409 3298 domn
420 3288 425 3300 .
437 3288 443 3300 .
455 3286 461 3299 .
472 3243 613 3312 ignominia]
629 3245 663 3308 ef.
675 3247 698 3307 §-
710 3255 756 3296 ros.
775 3243 867 3292 actione
883 3237 964 3306 iniun]
981 3240 1014 3303 ef.
1027 3239 1115 3289 Coitat.

163 3333 185 3379 s,
199 3332 219 3372 t.
252 3321 291 3369 De
303 3320 372 3382 forti
389 3319 491 3368 actione
506 3318 540 3380 ef.
556 3316 588 3365 L.
603 3328 628 3366 19
639 3331 683 3379 pr.
698 3317 739 3377 §5-
754 3326 822 3366 1-4,
842 3313 872 3361 L.
888 3322 922 3363 ds.
946 3313 968 3374 ξ.
984 3321 1017 3361 25.
1038 3310 1070 3358 D.
1085 3310 1118 3359 de

160 3393 227 3455 furt.
243 3388 336 3455 (nist).
361 3385 445 3455 supra]
461 3389 533 3450 §.tn
566 3386 605 3434 De
619 3387 797 3450 designatione
812 3383 846 3446 ef.
862 3383 893 3432 L.
909 3392 942 3433 15.
962 3383 985 3444 ἓ.
1000 3394 1020 3433 s.
1036 3381 1067 3429 L.
1083 3393 1116 3433 to.

164 3462 196 3510 D.
212 3462 244 3511 de
258 3462 318 3510 doio
332 3457 363 3524 (4,
377 3459 409 3525 s).
424 3459 455 3508 L.
465 3470 486 3509 t.
502 3458 533 3506 D.
545 3457 576 3506 de
590 3457 631 3504 rei
645 3457 714 3505 vind.
730 3454 761 3520 (e,
777 3455 808 3521 1).
823 3454 877 3505 L.t
888 3468 932 3516 pr.
947 3453 979 3501 Ι).
990 3453 1022 3502 de
1036 3453 1117 3501 iniur.

164 3533 210 3591 (tr,
224 3531 255 3595 r).
285 3530 358 3581 cons.
373 3541 394 3582 5.
410 3529 484 3579 Paut.
498 3538 520 3588 4,
534 3540 567 3580 ³1.
586 3528 609 3589 i.
624 3537 658 3578 se.
