2609 3942
594 183 680 221 nnus.
1055 168 1117 232 161

165 322 242 370 mur,
264 304 326 359 iure
344 305 461 371 dixeris,
485 304 700 372 praeclariorem
724 307 759 361 de
781 308 843 362 inre
866 306 942 363 oivili
959 307 1061 362 librum
1079 309 1119 362 di·

166 371 302 426 suentium
323 372 353 424 in
375 388 458 425 usum
480 387 625 437 nunquam
646 373 780 441 scriptum
801 375 900 441 fuisse,
925 375 984 429 sive
1011 375 1119 429 dotium

167 441 225 493 eius
243 438 448 506 excellentiam,
467 441 525 494 sive
543 439 691 493 mirificam
709 440 814 495 fructus
831 443 989 497 ubertatem
1007 445 1037 498 et
1047 444 1119 498 fato·

166 523 227 560 rum
253 506 418 560 felicitatem
444 507 562 575 spectes.
608 506 794 561 Praestantia*
810 508 875 562 libri
899 511 1050 586 praecipue
1076 510 1120 563 his

165 574 249 627 rebus
260 573 442 642 conspicitur:
450 628 453 634 ,
461 572 537 643 quod
549 589 614 639 non,
632 575 666 627 ut
677 573 834 642 superiores
845 576 911 628 libn
923 592 1017 631 omnes
1034 593 1120 630 unam

166 640 321 694 alteramve
341 640 409 693 iuris
431 641 521 695 civilis
542 642 667 708 partem,
694 640 743 694 sed
766 657 877 708 revere,
903 644 937 695 ut
958 642 1119 698 Lactantius

167 713 192 772 5,
203 713 227 762 4.
240 710 264 771 5.
276 713 300 761 3.
318 722 336 760 a
347 708 504 776 quibusque
518 707 744 762 institutionibus
757 708 853 785 exigit,
866 709 963 763 ‘totius
975 709 1118 763 doctrinae

167 773 351 828 substantiam
373 776 518 840 continet,
542 776 571 829 et
594 774 654 828 eius
671 775 786 843 quidem
808 776 888 841 ruris,
913 791 968 844 quo
989 778 1051 828 tum
1067 777 1118 829 im·

166 841 275 909 perium
292 841 448 895 Romanum
470 841 616 907 utebatur,
640 841 675 896 de
698 858 752 909 quo
773 842 830 897 iam
849 842 916 907 dixi,
933 843 1119 897 substantiam

166 923 233 964 vero
250 908 292 962 ita
308 908 466 963 felicissime
484 909 673 974 enucleatam,
691 911 724 962 ut
741 909 833 963 adhuc
850 910 927 963 rudis
945 910 1043 964 tiroms
1062 911 1119 964 ani-

166 991 227 1029 mus
244 990 297 1028 nec
314 976 409 1030 ieiuna
425 976 552 1031 exilitate
569 975 771 1043 deterreretur,
793 992 846 1031 nec
864 979 954 1031 otiosa
970 992 1003 1031 co
1024 977 1053 1030 ia
1070 979 1121 1032 aut

167 1042 366 1110 quaestionum
377 1042 533 1098 subtilitate
547 1044 576 1097 et
587 1042 755 1097 difficultate
767 1044 980 1113 opprimeretur.
1036 1045 1119 1099 einde

167 1108 242 1177 quod
264 1109 336 1163 hanc
354 1110 445 1178 ipsam
467 1110 654 1187 substantiam
677 1110 840 1189 dispositam
857 1111 945 1166 habet
960 1128 1017 1166 non
1035 1112 1119 1165 modo

166 1178 233 1298 tit
245 1177 281 1298 ii
298 1177 652 1322 ittiiiffiiiitffnitiit
668 1178 1120 1326 tiviiiimitiittiiiiitiiii

167 1310 252 1379 quod,
272 1325 336 1364 cum
353 1310 473 1365 fontium
484 1328 553 1365 runs
564 1329 595 1364 rn
611 1328 655 1365 rus
675 1313 803 1389 gentium
821 1313 850 1365 et
867 1329 911 1366 1us
924 1312 1006 1365 crv1le
1018 1312 1120 1367 divisio

165 1377 222 1432 iam
249 1393 284 1430 ex
310 1377 428 1445 antiqua
474 1378 551 1446 opuli
575 1377 657 1431 Rom.
682 1377 904 1446 rurisprudentia
933 1379 1044 1432 retenta
1072 1381 1119 1443 sit,

165 1444 288 1497 maxime
306 1443 382 1498 cadit
398 1444 428 1498 in
447 1395 565 1499 alteram
582 1444 661 1499 illam
679 1446 709 1498 et
744 1445 809 1498 lane
827 1461 930 1499 novam
947 1446 1036 1512 ipsius
1053 1446 1120 1500 iuris

186 1510 270 1564 riveti
286 1510 316 1564 in
331 1510 376 1564 ius
393 1511 469 1578 quod
487 1511 523 1566 ad
561 1527 675 1566 ersonas
697 1511 729 1577 (h
750 1553 756 1564 .
774 1511 822 1580 I.),
846 1512 922 1581 quod
945 1513 1042 1567 adres
1061 1514 1119 1579 (lib.

165 1527 202 1630 ll.
220 1576 294 1643 HL),
312 1579 343 1630 et
360 1577 435 1644 quod
452 1577 490 1631 ad
506 1529 630 1633 actiones
647 1579 773 1655 pertinet
790 1579 848 1643 (lib.
866 1579 926 1645 IV.)
945 1580 1118 1635 divisionem.

166 1641 240 1695 Nam
259 1657 323 1693 oum
340 1656 422 1695 omne
439 1643 482 1696 ius
499 1645 639 1711 privatum
662 1647 766 1712 partim
787 1646 816 1699 in
839 1661 868 1699 se
889 1646 951 1715 ipso
976 1650 1005 1701 et
1021 1664 1074 1716 per
1091 1665 1121 1703 se

168 1706 309 1775 spectato,
337 1706 441 1773 partim
461 1708 492 1760 in
513 1709 589 1772 iure,
616 1725 680 1761 cum
701 1711 732 1761 in
756 1712 974 1766 controversiam
996 1716 1120 1780 vocatur,

168 1773 304 1829 adversus
319 1772 450 1827 iniuriam
469 1772 623 1828 obtinendo
641 1774 784 1839 consistat,
802 1777 951 1845 ipsumque
968 1779 1011 1831 ius
1028 1796 1121 1834 rursus

169 1842 374 1919 autpersonas,
394 1840 495 1961 tgtuibus
508 1840 651 1907 competit,
670 1841 810 1918 respiciat,
828 1843 947 1918 autres,
969 1861 1053 1962 gnae·
1059 1863 1120 1914 per·

115 1912 425 1973 [⁹51s0n1smservrun‚
443 1906 646 1977 apprehendat,
664 1908 762 1961 addito
780 1923 813 1961 eo
825 1924 894 1985 rnre,
913 1926 968 1977 quo
1000 1913 1122 1968 actiones

168 1974 357 2046 apprehendit
380 1974 486 2029 civibus
509 1974 639 2043 privatis,
668 1975 769 2043 quibus
795 1975 928 2029 iniuriam
948 1979 1121 2046 propulsent,

168 2058 225 2097 non
246 2043 338 2095 minus
362 2057 446 2110 quarn
468 2041 580 2111 populis
601 2041 671 2095 belli
692 2041 736 2095 ius
753 2044 957 2110 competentes,
982 2046 1040 2099 tres
1057 2046 1122 2101 illae

168 2110 263 2178 partes
281 2109 362 2177 quasi
379 2110 479 2177 sponte
496 2109 669 2163 naseuntur.¹
698 2109 735 2162 Et
746 2107 876 2164 similiter
887 2110 1011 2179 ipsarum
1023 2112 1123 2168 harum

168 2177 291 2245 partium
301 2175 510 2230 distributiones
522 2176 645 2229 mirabili
657 2177 780 2244 quodam
792 2194 922 2232 verorum
932 2179 1123 2235 discriminum

168 2259 251 2296 sensu
268 2244 401 2297 inventae
420 2245 450 2296 et
467 2258 613 2312 expressae
632 2244 706 2310 sunt,
725 2260 781 2312 qua
798 2244 834 2298 de
851 2260 882 2299 re
901 2246 1045 2316 disputare
1063 2249 1123 2304 lon-

169 2325 238 2376 gum
260 2312 289 2362 et
310 2310 345 2363 ab
366 2309 419 2363 hoc
441 2309 503 2364 loco
526 2309 648 2363 alienum
671 2311 734 2364 est.²
771 2309 900 2380 Denique
919 2313 1005 2369 Gaius
1027 2316 1124 2372 inex·

244 2437 263 2507 ¹)
277 2440 327 2500 Quo
338 2443 412 2504 magis
421 2449 505 2506 postea
515 2443 575 2506 ipsis
584 2443 679 2507 populis
689 2443 732 2493 sub
743 2445 822 2507 iugum
832 2446 927 2510 imperii
937 2447 1041 2497 redactis
1050 2450 1122 2499 etiam

170 2512 276 2562 actiones
294 2512 414 2576 paullatim
433 2514 625 2564 extraordinariis
643 2515 848 2576 persecutionibus
868 2531 977 2575 cessere,
997 2519 1122 2582 inquibus

170 2598 216 2633 uon
229 2589 278 2632 tam
291 2589 373 2632 nostro
387 2583 439 2633 iure
453 2584 544 2647 privato
558 2584 583 2633 iu
597 2584 698 2647 iudicio,
713 2586 777 2648 quod
790 2587 859 2635 nobis
874 2587 982 2650 debetur,
997 2592 1123 2653 persequi-

170 2668 222 2703 mur
241 2651 287 2719 (pr.
298 2653 316 2703 l.
328 2653 356 2703 de
366 2661 413 2702 act.
423 2657 449 2715 4,
459 2651 504 2719 6.),
518 2668 589 2718 quam
602 2668 688 2704 novum
702 2655 740 2704 ius
754 2657 783 2705 ab
798 2657 898 2720 imperio
913 2659 1019 2721 pendens
1034 2660 1123 2709 indulta

170 2724 336 2786 amagistratu
355 2724 489 2785 cognitione
510 2738 620 2774 exercere
639 2725 758 2788 videmur,
772 2733 837 2776 tanto
856 2729 930 2790 magis
950 2730 1012 2778 actio
1026 2732 1123 2793 propria

170 2795 285 2858 quaedam
299 2794 359 2842 iuris
373 2794 459 2856 privati
473 2795 541 2858 quasi
550 2795 682 2845 substantia
696 2809 749 2845 esse
760 2797 839 2858 desiit,
855 2798 883 2846 ad
894 2813 963 2862 quam
973 2800 1002 2848 ab
1018 2801 1079 2862 ipso,
1095 2815 1122 2848 er

170 2879 216 2928 quo
235 2864 340 2926 agimus,
359 2863 479 2914 fflrersnm
492 2865 529 2915 ius
543 2866 663 2928 pertinere
676 2867 760 2930 possit.
789 2868 857 2925 Quod
875 2869 971 2931 quidem
986 2870 1078 2932 effecit,
1097 2878 1123 2919 ut

171 2930 218 2984 iarn
231 2933 357 2984 iustiniani
370 2940 476 2999 tempore
490 2935 552 2984 inter
565 2937 671 2986 actiones
686 2944 709 2985 et
719 2937 874 2999 obligationes
884 2953 931 2987 non
941 2939 1039 2988 multum
1049 2940 1122 2988 inter-

171 3019 224 3054 esse
237 3004 359 3054 cideretur
372 3003 406 3069 (et
419 3019 477 3055 sane
496 3006 566 3055 etiam
585 3008 692 3056 actiones
710 3014 766 3057 suut
783 3008 899 3072 quaedam
918 3009 1075 3071 obligationes
1089 3016 1121 3072 et,
1143 3005 1146 3009 ’

170 3075 234 3138 quod
247 3074 403 3138 Theophilum
417 3075 456 3125 lll.
467 3086 493 3127 ra
507 3091 543 3138 pr.
559 3076 618 3129 ll'.o
632 3092 668 3141 pr.
684 3077 783 3127 maxime
798 3081 871 3128 movit
885 3087 909 3127 et
924 3080 948 3128 in
963 3092 1070 3127 errorem
1085 3081 1123 3128 in-

171 3144 248 3207 duxit,
267 3144 422 3206 obligationes
435 3146 544 3210 inprimis
563 3161 623 3211 opus
642 3148 730 3197 habent
742 3149 836 3199 actione
856 3156 880 3198 et
897 3163 969 3212 saepe
989 3154 1078 3198 tantum
1098 3150 1122 3199 in

170 3215 255 3276 agendi
269 3215 379 3264 facultate
392 3217 507 3279 praestita
526 3218 683 3283 consistunt):
703 3226 786 3269 nostro
805 3233 861 3268 uero
880 3227 987 3288 tempore
1007 3221 1122 3271 exstincta

169 3299 244 3349 paene
259 3285 359 3335 actionis
374 3286 513 3349 substantia,
529 3286 581 3336 Gaii
595 3289 702 3339 actiones
717 3304 730 3338 a
744 3289 865 3352 plerisque
879 3290 974 3338 omnino
989 3289 1035 3340 aiio
1050 3307 1121 3342 sensu

169 3369 204 3404 sc.
220 3369 263 3418 pro
277 3349 411 3418 πράξεσιν
426 3358 603 3421 acciperentur3
618 3374 664 3424 qua
678 3359 770 3408 ratione
785 3360 862 3408 omnis
877 3359 928 3409 laus
943 3360 1045 3411 Gaianae
1061 3364 1121 3413 divi·

169 3425 245 3474 sionis
263 3425 396 3488 perimitur.
461 3423 483 3493 ²)
504 3424 617 3477 ‘Tabulas
632 3428 814 3478 delineationem
829 3432 963 3492 systematis
978 3432 1120 3483 Gaianarum

170 3494 399 3559 iustinianarumque
413 3495 589 3547 institutionum
604 3499 666 3548 inter
679 3513 706 3548 se
719 3501 851 3562 comparati
869 3503 1007 3552 exhibentes
1027 3518 1055 3552 ex
1070 3510 1120 3551 arte

222 3598 325 3631 rvarsea
340 3598 420 3633 sunni.
435 3600 487 3633 nnn.
505 3600 545 3634 nn.
570 3600 594 3634 v.
878 3593 908 3640 11
