2609 3942
205 205 264 268 192
504 220 565 256 ann
583 220 681 255 ananan.
700 202 722 254 Ι.
742 206 850 257 att-tu.

202 378 271 432 mus,
291 369 412 433 apparet,
428 359 495 416 ’siue
512 361 576 416 ciuis
591 360 726 415 Romanus
742 361 912 433 peregrinam
926 361 985 415 siue
997 361 1160 434 peregrinus

203 446 289 501 ciuem
304 443 449 499 Romanam
465 460 576 499 uxorem
592 443 708 514 duxerit,
724 459 785 498 eum
795 445 840 516 qui
852 444 972 499 nascitur
986 446 1159 517 peregrinum

204 543 282 591 esse,·
297 530 349 584 red
358 529 381 583 si
397 527 503 600 quidem
515 543 568 600 per
580 543 701 582 errorem
715 526 767 582 tale
780 528 979 582 matrimonium
989 536 1159 583 contractum

203 612 293 675 inerit,
310 612 444 666 emendari
459 610 563 682 (potest
578 608 650 681 eius)
667 612 761 665 uitium
782 603 951 667 seeundum¹
967 627 1008 682 ea,
1031 626 1099 682 quae
1114 628 1159 666 su·
1242 646 1247 657 ·

203 697 292 768 perius
308 695 436 760 diximum
453 695 476 749 si
492 710 558 749 nero
573 693 665 748 nulius
681 709 758 749 error
769 695 952 769 intervenerit,
968 692 1032 763 (set)
1043 696 1158 750 scientes

202 796 276 834 suam
291 778 476 834 condicionem
497 779 533 832 ita
552 777 682 848 coierint,
704 777 780 833 nullo
801 794 866 833 casu
886 778 1044 833 emendatur
1064 778 1158 833 uitium

202 864 259 918 eius
275 862 445 916 matrimonii.

263 940 571 1017 attaminarentur
587 943 620 999 de
636 944 677 999 his
693 943 804 1014 scilieet,
821 942 918 1015 (inter)
933 961 1002 1017 quos
1014 943 1158 1000 conubium

202 1045 256 1083 non
271 1030 321 1099 sit3
339 1044 398 1082 nam
415 1027 532 1100 alioquin
547 1029 569 1081 si
584 1027 651 1083 ciuis
667 1027 801 1083 Romanus
823 1030 1003 1101 peregrinam,
1024 1044 1084 1083 oum
1106 1045 1159 1101 qua

203 1113 227 1166 ei
243 1110 387 1167 conubium
402 1119 453 1182 est,
471 1127 579 1166 uxorem
595 1111 710 1181 duxerit,
728 1112 799 1167 siout
813 1128 895 1184 supra
909 1128 1018 1184 quoque
1033 1111 1157 1183 diximus,

203 1196 303 1250 iustum
329 1196 529 1251 matrimonium
553 1194 688 1250 contrahit
709 1203 736 1250 et
756 1203 820 1251 tunc
842 1211 875 1250 ex
900 1195 933 1249 iis
955 1197 1001 1266 qm
1028 1196 1157 1258 nascitur,

202 1280 269 1334 ciuis
288 1278 423 1334 Romanus
443 1287 485 1333 est
505 1287 532 1333 et
554 1280 580 1332 in
602 1286 738 1351 potestate
757 1280 840 1351 patris
861 1280 922 1333 erit.
951 1274 996 1334 77.
1012 1271 1160 1351 ’ttemqne²

201 1363 224 1416 si
236 1363 302 1418 ciuis
315 1362 432 1417 Romana
444 1363 599 1435 peregrino,
615 1379 676 1417 oum
688 1378 741 1434 quo
753 1362 777 1416 ei
789 1360 933 1417 conubium
944 1372 998 1434 est,
1013 1356 1159 1435 nupseriti,

204 1447 365 1519 peregrinus
376 1462 439 1500 sane
447 1453 606 1518 procreatur
615 1454 643 1499 et
655 1445 678 1499 is
690 1447 777 1500 iustus
788 1446 870 1517 patris
883 1443 953 1500 iilius
961 1456 1013 1517 est,
1026 1454 1160 1518 tamquam

143 1527 185 1573 21.
205 1531 227 1583 si
238 1545 270 1582 en
281 1522 491 1601 peregrinarum
503 1536 682 1600 procreasset.
696 1522 700 1602 Ι
715 1529 767 1583 hoc
779 1539 865 1583 tamen
876 1535 997 1602 tempore
1010 1545 1025 1584 e
1036 1539 1158 1585 senatus·
1173 1535 1226 1591 [mol

202 1611 339 1681 consulto,
356 1612 427 1684 qnod
442 1619 552 1668 auctore
567 1611 630 1667 diuo
647 1613 814 1667 sanctissimo
827 1606 976 1667 Hadriano⁴
990 1613 1090 1669 iactum
1105 1622 1157 1685 est,

204 1698 282 1751 etiam
303 1696 326 1750 si
341 1712 395 1751 non
416 1695 497 1751 fuerit
516 1694 660 1751 conubium
680 1697 751 1751 inter
771 1697 857 1751 ciuem
872 1694 1016 1752 Romanam
1037 1705 1064 1751 et
1083 1712 1159 1769 pere·

202 1781 321 1852 prinum,
337 1782 383 1852 qui
398 1782 525 1848 nascitur,
541 1781 628 1845 iustus
644 1781 726 1852 patris
742 1778 813 1835 iilius
830 1788 882 1837 est.
899 1775 966 1846 178.
982 1778 1060 1846 Quod
1071 1789 1159 1835 autem

191 1863 325 1930 diximus,
346 1865 418 1919 inter
432 1866 518 1922 ciuem
534 1863 679 1919 Romanam
697 1865 925 1936 peregrinumque
945 1867 1002 1919 nisi
1014 1865 1160 1920 conubium

202 1939 263 2016 sit,⁵
283 1951 334 2019 qui
349 1951 353 2014 Ι
369 1951 501 2016 nascitur,
517 1949 692 2020 peregrinum
708 1961 779 2014 esse,
799 1945 824 2000 ’e
843 1949 906 2020 iepe
921 1947 1042 2004 Minicia
1058 1941 1160 2014 uenii‚⁶

202 2048 259 2102 quo
275 2039 392 2086 cautam
407 2035 412 2096 l
428 2028 497 2100 'est,
524 2038 555 2084 ut
573 2030 596 2082 is
619 2021 740 2100 quidem⁷
756 2031 908 2085 deterioris
928 2033 1046 2103 parentis
1068 2032 1160 2087 conui-

276 2159 295 2223 1)
309 2161 354 2210 Em
382 2157 434 2209 W.
469 2159 523 2209 Sed
544 2158 645 2223 piotest)
671 2160 743 2226 c(ius)
762 2170 824 2225 post
846 2164 980 2212 emenda-ri
996 2164 1113 2226 supplevi
1135 2170 1160 2212 et

203 2234 277 2281 initio
292 2247 315 2281 u.
330 2241 362 2280 14.
379 2245 443 2294 quae
457 2231 546 2278 retulit
559 2228 596 2279 St.
612 2231 633 2278 e'
649 2245 686 2278 en.
701 2231 731 2292 ol,
745 2233 903 2295 interpretor
917 2234 1001 2296 fuisse
1015 2233 1090 2295 seed,
1102 2234 1159 2296 for·

202 2308 270 2350 tasse
291 2315 307 2348 a
326 2299 435 2349 librario
455 2308 586 2363 corrupta.
620 2301 742 2351 emendari
760 2303 843 2351 uitium
862 2303 913 2352 eius
932 2319 960 2352 ex
977 2310 1082 2352 renatus
1100 2318 1159 2353 con·

202 2373 269 2420 coito
284 2371 342 2419 iicet
357 2370 515 2436 (secundum)
529 2372 568 2419 ed.
583 2369 657 2421 Stoa.
709 2369 731 2437 ²)
746 2372 790 2421 aa
803 2374 909 2422 Larium
925 2377 957 2436 ej.
973 2374 1051 2436 itaque
1065 2372 1158 2423 Scited.

207 2437 252 2489 Vit
274 2440 336 2503 (pro
360 2441 457 2503 itique).
522 2438 542 2506 ⁶)
562 2443 670 2505 nupserit
685 2442 689 2508 Ι
706 2445 752 2491 erit
774 2440 820 2492 Vct
836 2450 861 2492 et
883 2444 976 2493 deinde
998 2445 1158 2506 peregrinum.

203 2508 226 2574 ⁴)
240 2511 379 2560 hadrianos'
399 2506 451 2560 V'i.
470 2513 517 2560 aed
530 2528 586 2561 cunt
599 2512 631 2561 de
645 2514 857 2575 interpretatione
871 2515 1017 2563 sanctissimi
1032 2513 1075 2579 (L.
1090 2527 1111 2566 3.
1126 2515 1159 2563 0.

202 2582 328 2630 danaim.
342 2588 402 2630 rest.
416 2594 451 2641 40,
465 2594 499 2632 11.
518 2582 549 2634 L.
564 2594 598 2634 st.
618 2585 641 2644 §-
656 2596 677 2634 4.
696 2583 728 2631 D.
743 2584 775 2632 de
790 2586 837 2649 lep.
852 2595 872 2633 3.
894 2584 999 2634 ott.
1015 2585 1040 2632 V.
1056 2598 1076 2634 1.
1092 2601 1159 2633 num.

202 2644 264 2702 875¹).
280 2663 339 2702 18⁷4.
355 2649 428 2716 3339),
443 2654 511 2717 quod
519 2655 546 2701 in
557 2658 643 2704 notas·
653 2655 764 2718 accipio,
779 2671 813 2703 an
823 2655 979 2703 sacratissimi
990 2653 1036 2719 (ef.
1047 2656 1083 2703 ad
1092 2669 1112 2716 1,
1121 2654 1159 2719 53)

202 2721 322 2771 dubitare
336 2724 419 2780 liceat,
434 2731 503 2773 certe
516 2723 580 2773 liaeo
594 2739 646 2773 octo
659 2740 694 2773 eac
703 2731 831 2788 perpetua
845 2726 921 2773 etiam
938 2726 965 2773 in
980 2726 1157 2786 inscriptioni·

201 2791 248 2841 bur
262 2794 444 2843 consuetudine
458 2795 554 2844 nontini
567 2796 731 2856 imperatoris
746 2795 933 2857 praeponenda
951 2803 996 2845 est.
1025 2794 1062 2856 Cf.
1083 2796 1159 2843 etiam

202 2875 228 2925 1,
247 2874 280 2914 tt.
304 2874 329 2925 2,
348 2876 394 2915 285.
427 2863 538 2913 Addidit
552 2870 616 2926 puto
638 2863 718 2913 Gaius
736 2865 784 2914 lton
797 2866 907 2929 etapium
925 2867 965 2914 nei
983 2879 1033 2914 non
1047 2859 1159 2922 addidit,

198 2941 279 2996 prout
298 2935 324 2982 in
344 2936 399 2997 ipso
417 2936 637 2984 senatusconsulto
656 2936 805 2990 invenerat:
825 2951 883 2984 nam
896 2950 931 2984 etc
944 2937 1010 2984 actis
1024 2934 1161 2983 Hadriani

168 3054 175 3068 ‚
202 3006 229 3053 in
243 3011 334 3054 renato
348 3011 444 3053 tantum
453 3004 577 3067 refertur.
625 3001 646 3068 ⁶)
660 3002 714 3065 Sic,
725 3006 793 3068 quod
802 3007 828 3053 in
838 3005 877 3053 ed.
890 3017 911 3055 4.
921 3007 1105 3069 suppleverunt,
1119 3019 1159 3053 ce·

201 3076 312 3123 cundum
324 3073 414 3137 Sappi
428 3072 465 3121 St.
476 3089 504 3136 p.
524 3072 628 3122 XXIV
642 3077 744 3124 mutavi.
814 3071 835 3139 ⁶)
855 3078 894 3124 oei
909 3072 979 3141 ‘lepe
994 3075 1105 3125 Minicia
1119 3075 1159 3136 ef-

199 3141 334 3210 factitari,
349 3160 405 3193 cum
419 3144 484 3192 uenit
498 3146 525 3191 in
541 3143 567 3192 0.
579 3144 663 3206 fuisse
677 3153 791 3210 nepetam
853 3143 874 3209 7)
889 3161 901 3193 e
917 3153 942 3194 ut
955 3147 977 3195 si
991 3146 1012 3194 is
1026 3146 1096 3208 qdem
1115 3142 1161 3193 V³t

202 3217 296 3264 titteris
310 3215 446 3263 inanimam
457 3221 559 3276 partem
569 3215 687 3276 pallidis,
702 3231 715 3264 e
730 3215 820 3280 quibus
832 3216 854 3264 si
867 3218 929 3266 vitio
944 3215 1051 3264 librarii
1064 3215 1158 3267 tribuo.

206 3282 275 3343 Quae
288 3291 430 3348 sequuntur
444 3285 470 3332 in
485 3284 508 3332 it.
524 3285 556 3344 ᾖ,
571 3298 605 3332 eoc
624 3281 676 3344 W,
686 3292 822 3350 postquam
832 3288 909 3350 piene
923 3288 1041 3346 innotuit,
1055 3293 1160 3349 atquae

202 3356 253 3418 lepi
271 3369 322 3404 non
338 3360 491 3417 potuerunt,
515 3356 550 3403 ad
562 3370 663 3405 sensnm
683 3364 707 3405 et
725 3359 806 3419 spatii
821 3358 948 3406 rationem
963 3357 1074 3405 restitui.
1103 3355 1160 3406 Pro

273 3441 502 3542 §.tit—Optnso.
571 3475 596 3545 §.
612 3481 652 3530 t't.
675 3479 713 3542 Cf.
729 3479 787 3528 Lio.
802 3490 836 3540 ro,
851 3491 871 3530 r.
891 3480 914 3540 ξ.
933 3490 954 3529 o.
974 3490 1012 3540 m,
1031 3489 1064 3529 m.
1084 3480 1108 3540 §-
1124 3490 1159 3528 11.

203 3557 284 3609 ⁴to,oo.
304 3547 363 3607 §.a
419 3542 501 3614 §.ts
519 3548 557 3610 Cf.
577 3549 703 3613 (imno.
