2609 3942
180 219 248 285 410
532 236 590 271 om
609 237 668 272 noo.
687 236 785 272 onnon.

178 356 403 437 Ἀθηναίων’
367 382 477 438 νομοος
490 366 554 433 ταῖς
570 359 643 420 δέκα
676 365 881 438 praefuturos,
896 382 1017 437 quornm
1025 368 1133 435 primns

184 442 217 504 ol
217 439 477 541 λοοιςᾶναλοὶβωοι,
490 441 563 503 δέκα
570 465 642 520 προ·
679 452 777 505 custos
787 449 868 505 urbis
879 450 973 505 dictus
989 455 1031 504 est
1042 442 1131 521 (quen

184 523 302 608 εβοὶλετο
314 524 571 623 ὁδῆμοςοίνόρας
562 523 643 588 ἄνθ·
678 547 757 589 nunc
769 532 955 604 praefectum
973 533 1040 588 urbi
1053 548 1132 588 uoca-

185 610 339 720 εξομὲαους
366 621 427 672 noir
453 606 642 709 πραγμάτων,
679 610 766 690 mus).
778 619 1131 688 insioniaautempotesta·

185 689 230 757 ων
257 692 274 757 ὁ
299 704 416 776 πρῶτος
449 705 501 795 τοὶς
533 692 643 763 πόλεως
679 701 768 757 iisilli
780 699 1133 771 eranidnodecimfasccs;

185 778 283 855 φύλαξ
294 776 531 860 προσηγορεύθη,
545 775 641 839 ὁααθ’
680 792 711 841 at
726 787 830 840 ceteris
844 799 902 839 non
916 785 996 847 item,
1017 785 1068 839 sed
1079 786 1132 840 sin-

185 861 264 943 ἡμοῖς
279 863 444 970 πολίαρχος.
468 861 596 960 ἐπίσημα
611 859 645 922 δὲ
679 870 754 942 culis
775 882 850 924 unus
871 874 982 923 lantum
998 874 1133 922 armatus.

186 957 238 1026 τῆς
260 940 430 1021 ἐξουσίας
410 971 451 1025 ην
469 938 554 1030 cinitot
576 947 644 1006 ‹iuo-
679 952 832 1025 prnefecto
854 952 935 1007 urbis
960 966 1028 1007 nero
1053 955 1136 1006 etiam

186 1031 309 1092 ααίδεκα
302 1027 448 1133 ροὲβδοι,
464 1036 525 1102 τοῖς
532 1008 645 1090 δ-ὲλοι
682 1036 1136 1107 conorstoo'ciornmetlictorum
1201 1077 1203 1079 >

186 1120 254 1186 noio
275 1109 331 1218 onix
344 1135 455 1191 ουτως,
479 1109 645 1192 ὁπλοφόρος
682 1126 710 1174 et
725 1122 839 1175 vincula
862 1124 890 1174 et
911 1133 986 1190 qnae
1009 1120 1069 1174 alio
1083 1122 1137 1175 sci·

186 1194 257 1258 δὲ’
239 1194 290 1258 αν’
314 1194 438 1257 εκαοοου
458 1190 502 1269 εἷς
522 1194 573 1257 noce
592 1195 645 1274 μό·
683 1216 755 1273 mus,
771 1203 904 1257 aderant.

187 1305 248 1354 νος.
272 1291 312 1342 roi
326 1274 405 1360 yid
368 1305 429 1360 ην
439 1281 590 1364 πολιαρχω
597 1303 648 1341 και

187 1362 268 1441 τάξις
291 1343 420 1444 ἀνδρῶν
457 1342 647 1472 τογ[ατ]ηφό-

187 1472 248 1529 ρων
258 1473 308 1510 και
299 1448 481 1558 ραβδοῦχοι
492 1472 543 1510 και
533 1447 647 1527 drona

186 1532 270 1596 nul‘
253 1551 308 1596 οσα
323 1534 426 1613 ἴσμεν,
442 1542 590 1612 παρῆσαν.
607 1568 649 1580 -
1265 1562 1268 1625 Ι

187 1624 226 1683 Ιο.
242 1622 321 1679 bour.
336 1623 402 1696 Lyd.
419 1622 452 1678 de
468 1639 537 1695 mog.
555 1622 583 1692 1,
597 1621 646 1681 34,

249 1862 278 1923 2.
301 1864 399 1921 Uerum
413 1868 442 1923 in
464 1866 675 1938 compositione,
698 1873 728 1918 ut
750 1862 820 1936 opud
840 1856 966 1931 Τιοίιοοο,1
990 1863 1141 1934 reporimus

187 1948 276 2005 ‘elios’
289 1943 416 2005 dictum?
425 1978 459 1991 -
474 1948 592 2007 Diomed.
605 1944 651 2003 lib.
663 1946 684 2006 l.
698 1964 725 2020 p.
738 1945 809 2002 375.
826 1946 937 2004 Putsoh.
948 1963 975 2019 p.
989 1945 1058 2006 379.
1071 1944 1140 2003 Keil.
1153 1959 1216 2008 [ont]

261 2116 280 2183 ι)
299 2118 396 2167 Curium
416 2117 478 2167 Cdd.
497 2119 537 2167 ed.
556 2116 624 2166 Keil.
659 2116 740 2164 Colum
758 2115 816 2163 edd.
837 2115 1005 2178 antiquiores.
1037 2114 1143 2165 Keilius

186 2190 335 2252 suspicatur
344 2187 447 2237 Caluum
456 2187 606 2253 (Licinium,
616 2185 748 2235 Ciceronis
755 2185 895 2249 aequalem)
902 2187 1056 2251 significari,
1065 2188 1143 2235 cuius

187 2265 269 2308 tomen
279 2258 441 2308 orationibus
450 2265 546 2306 tantam
556 2254 692 2304 Diomedes
701 2268 762 2302 usus
771 2268 826 2303 esse
835 2255 946 2316 uidetur,
960 2272 1008 2306 nec
1017 2256 1143 2306 credibile

187 2336 233 2386 est,
247 2327 315 2377 lianc
324 2342 409 2376 nocem
419 2328 495 2374 nisio
505 2326 584 2387 poe'la
594 2330 638 2373 aut
648 2326 675 2373 in
681 2323 805 2387 formulis
814 2327 930 2390 antiquis
939 2325 1017 2394 (uelut
1026 2343 1143 2392 augura·

188 2399 221 2445 lis
235 2396 399 2458 disciplinae)
414 2412 431 2444 a
440 2398 569 2459 scriptore
578 2396 670 2444 relatis
679 2403 829 2459 usurpatam
838 2412 906 2446 esse:
924 2412 973 2462 quo
987 2400 1064 2447 etiam
1074 2398 1146 2446 illud

187 2467 249 2530 epod
262 2473 381 2530 spectare
394 2466 504 2516 videtur.
532 2465 618 2516 Simili
635 2466 667 2516 de
682 2482 762 2516 causa
779 2468 811 2517 de
828 2466 908 2527 Gauio
921 2467 1005 2518 Basso
1024 2470 1145 2534 cogitare

187 2553 238 2588 non
253 2537 340 2588 licebit
353 2535 597 2604 (neccoyitooerunt
605 2537 689 2588 Laur.
699 2538 807 2587 Lersclt.
822 2540 850 2587 in
860 2538 955 2588 Pnilot.
970 2538 1029 2601 lp.
1039 2550 1078 2590 ott
1086 2553 1144 2603 seq.

187 2616 213 2659 et
229 2606 256 2657 0.
272 2608 346 2658 Ialrn.
361 2610 397 2660 ad
410 2609 484 2659 Pers.
495 2626 523 2674 p.
534 2607 602 2676 mo),
616 2609 727 2658 manime
741 2609 809 2673 quod
823 2610 846 2658 ir
859 2624 876 2657 a
887 2612 1056 2672 yrammatico
1065 2611 1147 2659 semel

83 2708 93 2715 „
186 2686 285 2729 lantum
294 2681 414 2730 laudatus
423 2683 470 2730 uico
477 2683 533 2731 sine
543 2682 693 2745 connomine
700 2680 830 2730 nominari
835 2678 958 2743 poluerit.
973 2676 1026 2728 Sed
1035 2680 1148 2728 librarii

187 2753 304 2815 cogitare
318 2759 467 2813 potuerim,
482 2753 510 2800 in
524 2752 592 2800 nudo
603 2752 773 2814 praenomine
785 2750 842 2798 Caii
854 2751 893 2798 uel
905 2749 965 2798 Gaii
973 2750 1148 2812 offendentes,

187 2823 261 2871 cuius
278 2819 344 2870 Osca
358 2827 454 2870 tantum
465 2822 553 2885 forma
569 2821 665 2871 Gauius
677 2827 797 2884 sequente
806 2821 907 2869 nomine
921 2821 996 2869 etiam
1009 2835 1023 2869 a
1036 2821 1148 2871 diuerso

187 2907 244 2941 cnm
257 2892 355 2940 Latina
368 2906 444 2954 saepe
459 2898 610 2941 commutata
620 2898 658 2941 est
671 2891 718 2957 (cf.
728 2890 849 2940 Lactant.
860 2902 880 2949 1,
890 2900 924 2941 22.
943 2890 1011 2955 Lyd.
1021 2891 1148 2940 demens.

187 2975 208 3020 1,
216 2960 247 3026 α).
270 2960 419 3025 Quanquam
426 2963 508 3027 iffitar
517 2976 560 3011 res
570 2963 671 3011 incerta
681 2969 726 3021 est,
736 2969 819 3011 tamen
826 2962 963 3009 maximam
968 2961 1149 3025 probabilita-

187 3040 235 3081 tem
249 3031 335 3089 labet,
353 3031 444 3081 Gaium
457 3032 589 3097 legendum
603 3039 628 3082 et
641 3032 837 3096 inlellenendum
850 3046 912 3080 esse.
999 3028 1020 3097 ²)
1033 3030 1064 3081 Si
1076 3032 1151 3083 naec

187 3102 224 3152 ad
234 3101 325 3151 Gaiam
337 3109 452 3151 nostrum
461 3109 586 3165 spectant,
595 3104 642 3151 oin
651 3109 698 3164 esi,
708 3109 737 3150 ut
745 3104 823 3151 oliam
836 3101 896 3152 Gaii
905 3101 997 3152 librum
1005 3102 1152 3152 Diomedes

187 3173 311 3222 tractarit
319 3179 428 3235 praeter
441 3172 631 3232 Institutiones,
646 3179 672 3222 et
684 3174 712 3219 in
731 3172 784 3229 liis,
805 3174 899 3222 niolio
913 3174 970 3223 loco
983 3189 1006 3222 ο.
1024 3174 1086 3222 otior
1100 3172 1149 3223 ob·

186 3243 286 3291 uenerit
295 3249 371 3306 atque
380 3244 409 3291 in
419 3242 571 3293 solemnibus
580 3242 665 3292 uerbis
673 3245 830 3292 sacramenti
839 3244 957 3293 actionis.
979 3241 1070 3307 Itaque
1077 3256 1101 3302 4,
1109 3254 1153 3295 15.

187 3313 215 3359 in
234 3314 407 3374 supplemento
425 3328 448 3361 o.
466 3323 577 3374 20-24.‚
599 3313 668 3376 quod
685 3312 722 3361 ibi
739 3314 767 3361 in
785 3319 847 3362 nota
865 3313 1016 3376 informavi,
1035 3314 1071 3362 ad
1088 3315 1156 3364 litis

188 3382 395 3431 contestationem
410 3383 568 3444 conuenit,
583 3397 648 3446 quae
663 3384 739 3446 quasi
756 3382 817 3431 belli
832 3384 957 3446 quaedam
970 3384 1080 3435 indictio
1094 3385 1156 3436 hoc

184 3448 284 3507 fortius
297 3467 372 3514 quam
386 3453 424 3501 oio
439 3451 541 3501 uerbum
555 3452 705 3501 desiderare
715 3454 809 3515 poluit.
