2609 3942
426 229 485 265 om
504 231 601 266 meurs.
620 214 655 267 Il.
676 220 816 267 124-126.
1040 213 1104 277 249

143 371 167 427 si
183 386 245 426 eum
260 370 368 427 silentio
384 372 566 444 praeterierit,
581 371 715 426 inutiliter
730 369 887 425 testabitur:
903 371 969 427 adeo
986 372 1103 444 quidem,

110 501 115 510 .
146 462 179 509 nt
193 455 279 509 nostri
294 461 485 527 praeceptores
501 455 664 524 existiment,
683 454 786 509 etiamsi
801 456 865 509 uiuo
881 463 956 527 patre
972 453 1041 511 filius
1056 456 1103 510 de-

146 536 256 594 iunctus
270 539 317 609 sit,
333 539 463 594 neminem
478 538 605 594 heredem
621 554 653 593 ex
665 553 698 594 eo
710 543 873 594 testamento
885 539 1000 593 existere
1011 556 1102 611 posse,

148 614 280 678 ‘scilicet¹
303 623 364 695 quie
385 623 476 677 statim
492 622 525 678 ab
546 622 624 679 initio
639 637 694 677 non
711 620 864 677 constiterit
885 620 1034 683 institutio:
1057 621 1105 678 sed

148 704 272 760 diuersae
285 705 395 761 scholae
410 714 545 774 auctores,
570 706 593 760 si
609 704 718 779 quidem
734 703 807 759 lilius
828 704 923 759 mortis
938 705 1023 777 patris
1038 712 1106 762 tem·

148 803 216 861 pore
231 790 322 860 uiuat,
343 805 408 844 sane
423 788 614 862 impedimento
630 804 691 844 eum
707 804 768 844 esse
791 789 900 860 scriptis
919 787 1063 844 heredibus
1079 796 1107 845 et

147 864 258 928 ’suum²
279 870 311 927 ab
332 873 461 929 intestato
482 872 608 929 heredem
630 871 688 927 lieri
709 870 890 941 confitentum
914 872 937 928 si
960 889 1027 929 uero
1045 881 1106 929 ante

145 963 261 1011 mortem
276 956 360 1029 patris
376 957 542 1029 interceptus
557 958 601 1027 sit,
617 972 699 1029 posse
710 973 742 1012 ex
754 964 920 1013 testamento
931 956 1107 1013 hereditatem

145 1038 334 1112 adiriputant,
349 1039 425 1095 nullo
440 1041 491 1095 iam
508 1038 562 1098 filio
578 1041 783 1114 impediment03
807 1042 869 1114 quia
888 1042 993 1099 scilicet
1015 1042 1103 1097 existi·

145 1130 230 1194 mant,
252 1117 359 1196 ’(ηοη)3
374 1125 463 1178 statim
478 1122 511 1180 ab
526 1124 603 1181 initio
618 1125 751 1181 inutiliter
766 1123 825 1189 lieri
841 1132 1033 1182 testamentum
1049 1123 1105 1181 filio

144 1207 301 1281 praeterito.
337 1204 403 1264 124.
420 1206 528 1265 Ceteras
543 1225 609 1265 uero
629 1208 777 1265 liberorum
795 1224 935 1282 personas
949 1210 973 1265 si
989 1217 1108 1282 praeter·

145 1291 207 1346 ierit
229 1297 358 1361 testator,
389 1291 461 1347 ualet
483 1300 687 1349 testamentum:
715 1285 834 1367 ’(ςῃιο)4
855 1295 1016 1366 praeteritae
1036 1295 1108 1348 istoc
1242 1357 1252 1374 .

145 1389 278 1448 personae
299 1376 407 1449 scriptis
434 1375 579 1431 heredibus
606 1379 634 1432 in
658 1370 663 1455 l
686 1382 790 1449 partem
813 1376 988 1442 adcrescunt,
1016 1378 1040 1431 si
1062 1377 1103 1431 sul
1117 1371 1158 1421 85·

145 1457 259 1513 heredes
271 1459 336 1529 sint,
350 1460 378 1513 in
390 1460 511 1532 uirilem;
528 1463 551 1516 si
562 1462 692 1530 extranei,
707 1462 734 1516 in
747 1460 898 1516 dimidiam:
910 1460 937 1516 ld
949 1468 1001 1531 est,
1012 1461 1035 1516 si
1046 1461 1106 1533 quis
1119 1438 1136 1476 ‘¹
1150 1444 1169 1473 ²

145 1548 203 1597 tres
219 1540 295 1597 uerbi
311 1543 395 1614 gratia
411 1539 482 1598 filios
496 1542 611 1599 heredes
627 1545 777 1600 instituerit
789 1553 817 1601 et
831 1541 912 1601 filiam
924 1545 1106 1618 praeterierit,

146 1622 200 1679 lilia
223 1622 403 1680 adcrescendo
424 1641 475 1697 pro
498 1633 592 1698 quarta
613 1634 690 1700 parte
712 1626 742 1683 lit
765 1628 843 1683 heres
866 1636 894 1683 et
916 1644 946 1684 ea
961 1629 1065 1685 ratione
1079 1626 1106 1682 id

147 1708 335 1780 consequitur,
351 1706 424 1780 quod
439 1707 471 1763 ab
485 1710 614 1764 intestato
629 1719 705 1782 patre
718 1718 825 1766 mortuo
840 1710 963 1766 habitura
977 1717 1066 1777 esset3
1082 1717 1108 1765 at

73 1797 133 1853 {xre}
148 1792 171 1847 sl
187 1798 330 1847 extraneos
344 1790 392 1847 ille
406 1791 519 1847 heredes
533 1792 684 1848 instituerit
703 1801 730 1848 et
753 1791 832 1847 liliam
854 1795 1033 1866 praeterierit,
1056 1791 1108 1848 fllia

148 1874 331 1932 adcrescendo
354 1891 385 1930 ex
408 1874 515 1931 dimidia
537 1884 614 1948 parte
636 1874 667 1931 fit
687 1875 786 1932 'heres
824 1870 887 1932 set⁵
909 1891 977 1949 quae
999 1875 1032 1933 de
1055 1874 1108 1931 iilia

147 1959 276 2028 diximus,
300 1958 391 2015 eadem
414 1967 442 2014 et
457 1957 492 2014 de
506 1969 607 2033 nepote
629 1959 717 2033 deque
740 1958 863 2015 omnibus
885 1959 1032 2015 liberorum
1047 1976 1108 2033 per·

147 2045 223 2099 sonis
245 2058 297 2099 seu
319 2042 458 2098 masculini
480 2059 529 2099 seu
554 2043 683 2116 feminini
705 2060 787 2099 sexus
809 2043 880 2100 dicta
907 2043 1107 2116 intellegemus,

148 2121 211 2185 125.
234 2125 303 2194 Quid
327 2143 393 2201 ergo
417 2126 476 2183 esti
497 2127 561 2183 licet
583 2143 630 2185 eae
652 2127 800 2184 secundum
823 2144 869 2198 ea,
893 2143 961 2202 quae
983 2126 1107 2197 diximus,

147 2212 254 2283 scriptis
272 2202 448 2266 ’heredibus⁶
468 2210 603 2267 dimidiam
624 2222 728 2286 partem
743 2212 823 2268 modo
845 2211 998 2281 detrahant,
1020 2220 1107 2268 tamen

148 2303 260 2367 praetor
281 2294 320 2348 eis
340 2303 435 2349 contra
455 2293 559 2351 tabulas
581 2293 714 2351 bonorum
741 2297 941 2369 possessionem
962 2296 1108 2368 promittit,

150 2391 204 2449 qua
230 2377 334 2432 ratione
357 2379 476 2433 extranei
497 2378 610 2435 heredes
636 2396 650 2435 a
677 2389 734 2436 tota
761 2380 910 2437 hereditate
937 2379 1108 2453 repelluntur

150 2468 177 2517 et
200 2457 353 2518 efficiuntur
373 2460 430 2515 sine
450 2477 480 2517 re
501 2462 624 2519 heredes.
658 2459 722 2520 126.
744 2462 777 2519 lt
796 2465 849 2520 boc
868 2465 926 2518 iure
947 2464 1107 2533 utebamur,

149 2545 233 2619 quasi
253 2543 318 2599 nlhil
339 2545 411 2600 inter
432 2545 545 2602 leminas
568 2553 596 2601 et
618 2547 753 2603 masculos
773 2548 932 2619 interesset,
957 2556 999 2602 set
1020 2564 1108 2620 nuper

148 2629 296 2702 imperator
315 2628 468 2684 Antoninus
489 2626 654 2703 significauit
674 2627 836 2699 rescripto,
858 2621 945 2685 suas⁷
971 2646 1025 2686 non
1046 2630 1107 2704 plus

147 2712 267 2768 nancisci
286 2710 399 2768 seminas
418 2729 466 2785 per
480 2712 614 2768 bonorum
629 2709 856 2784 possessionem,
867 2728 946 2785 quam
961 2713 1034 2785 quod
1048 2715 1108 2768 iure

148 2794 320 2851 adcrescendi
336 2804 579 2869 consequerentur.
609 2795 683 2868 quod
698 2797 725 2850 in
748 2794 979 2867 'emancipatarum
999 2813 1108 2869 quoque

224 2932 243 3002 ¹)
258 2935 349 3001 q(uod)
362 2936 456 2985 scilicet
471 2935 496 2985 0.
549 2931 650 3001 ’lilium
662 2936 687 2986 0.
740 2931 763 3001 3)
777 2935 823 2985 Ex
836 2936 875 2986 cd.
888 2934 1108 3000 Gdtcb.Bp.sup·

144 3009 228 3073 plecit
237 3013 298 3071 poet
306 3006 383 3056 initio.
434 3001 456 3072 ⁴)
469 3004 600 3070 Suppleoi.
621 3006 743 3057 Fortasse
752 3008 796 3057 bic
806 3022 904 3071 quoque
918 3005 985 3055 illud
993 3021 1009 3069 q
1023 3013 1074 3055 not.
1086 3019 1107 3055 1.

146 3079 285 3143 sopitivum
295 3084 319 3126 et
328 3078 379 3127 buc
388 3077 559 3127 revocandum
568 3084 614 3127 eet.
631 3077 670 3141 Of.
686 3077 741 3141 Uip.
751 3089 786 3140 aa,
796 3090 822 3130 tt
832 3085 884 3128 not.
940 3073 961 3141 ὅ)
971 3077 1040 3125 beret
1053 3075 1080 3125 V
1080 3071 1109 3126 ⁸².

151 3145 173 3213 θ.)
189 3148 215 3196 V
217 3144 238 3180 rt
250 3147 325 3197 hebet
330 3155 391 3211 post
400 3147 499 3212 m(odo).
519 3147 578 3198 Hoc
588 3146 680 3213 m(odo)
690 3164 750 3198 vero
761 3148 810 3198 Kr.
821 3149 861 3198 ed.
871 3160 884 3199 e
896 3148 995 3205 omittit,
1010 3160 1109 3205 errore,

149 3226 178 3268 ut
188 3225 261 3281 pulo.
314 3214 461 3284 ⁷)rescripto
471 3233 514 3267 suo
527 3217 552 3268 0.
567 3219 624 3268 edd.
639 3221 716 3268 etiam
725 3218 774 3269 Kr.
785 3230 798 3270 e
808 3219 921 3281 insipido
936 3218 1110 3267 additamento

149 3288 186 3339 ad
199 3289 329 3352 rescripto,
344 3289 403 3337 dum
416 3304 476 3338 suaa
489 3303 565 3338 sensu
578 3290 715 3354 flagitante
729 3290 818 3338 careri
831 3304 883 3338 non
893 3289 985 3351 possit.

222 3406 246 3479 ξ.
263 3413 322 3463 124.
339 3411 376 3476 Cf.
396 3411 450 3476 Utp.
465 3423 499 3473 22,
514 3423 548 3463 m.
573 3411 648 3461 Paot.
664 3423 685 3473 e,
699 3412 734 3462 4⁸.
754 3413 776 3473 ξ.
792 3423 812 3462 8.
836 3410 906 3473 Epic
920 3422 940 3472 2,
955 3422 975 3461 e.
995 3412 1018 3472 ξ.
1033 3423 1053 3463 1.
1064 3426 1108 3475 pr.

148 3482 173 3533 Ι.
189 3483 232 3532 cit.
249 3481 311 3533 Noc.
327 3482 422 3532 Maior.
438 3483 476 3531 lit.
496 3480 541 3531 VI.
556 3493 576 3531 1.
597 3483 620 3543 ἓ.
635 3493 655 3534 e.
720 3477 745 3548 5
762 3483 820 3533 126.
837 3481 875 3544 Cf.
891 3480 922 3528 L.
936 3491 958 3531 4.
980 3481 1005 3531 0.
1020 3483 1051 3532 de
1066 3481 1108 3530 lib.

144 3559 263 3619 praeter.
284 3552 315 3618 (c,
329 3551 375 3618 28).
