2609 3942
204 209 269 275 372
532 220 590 256 sm
606 220 708 255 ntem.
725 200 774 254 IV.
793 207 834 255 ts.

205 364 332 439 peculiari
352 363 489 420 'emonis
508 364 591 435 pretii
596 354 607 395 ¹
628 375 717 416 merce
732 361 833 415 sciente
850 366 927 431 patre
947 357 1093 414 dominoue
1113 375 1163 415 ne·

206 449 343 523 gotietur3
371 463 431 503 nam
453 448 477 502 si
504 444 569 519 quid
591 447 652 500 eius
673 445 719 499 rei
744 445 831 516 grstia
852 457 913 497 cum
935 456 968 497 eo
990 450 1163 500 contractum

139 531 197 580 215.
207 531 300 602 luerit,
315 534 352 589 ita
363 540 473 605 praetor
484 530 527 585 ius
538 528 612 596 dicit,
628 534 659 582 ut
669 526 799 600 quidquid
810 527 837 580 iu
848 526 894 581 itis
903 524 1036 581 mercibus
1049 520 1054 602 Ι
1067 519 1080 558 ²
1095 531 1162 599 erit,

147 597 192 636 ι*
207 617 338 690 quodque
351 616 418 671 inde
433 620 581 684 receptum
596 612 661 681 erit,
672 612 703 666 id
711 614 788 665 inter
799 602 1162 685 (patrem)dominnm(ue)‚

207 704 234 758 si
250 701 320 774 quid
329 702 357 755 ei
366 697 521 765 debebitur,
538 703 565 751 et
582 702 695 750 ceteros
705 694 865 749 creditores
877 710 934 764 pro
948 699 1016 749 rata
1028 699 1164 765 portione

206 785 399 841 distribuatur
403 805 413 845 ,·
428 788 455 836 et
469 783 537 854 qnia
551 781 610 850 ipsi
622 770 732 855 (patri)
747 769 923 853 domino(ue)
939 778 1163 835 dntriocnionem

206 870 360 942 permittit,
375 866 402 922 si
414 867 479 936 quis
494 878 533 920 en
547 862 738 918 creditoribus
752 868 910 932 queratur,
930 864 1015 932 qnasi
1029 863 1122 918 minus
1137 866 1165 918 ei

208 951 343 1007 tributura
356 952 407 1019 sit,
429 963 515 1018 quarn
530 948 699 1018 oportuerit,
713 946 791 1001 nanc
805 948 834 1000 ei
846 947 988 1000 actionem
1002 946 1160 1003 adcommo-

207 1035 267 1101 dat,
288 1046 363 1106 quoe
383 1031 534 1086 tributaria
550 1031 726 1099 appellatur.
762 1023 807 1084 78.
822 1028 983 1084 Praeterea
997 1031 1163 1085 introducta

208 1122 252 1173 est
272 1118 346 1172 actio
365 1116 401 1170 de
417 1114 531 1185 peculio
551 1114 641 1185 deque
657 1126 705 1180 eo,
728 1112 806 1184 quod
817 1116 847 1167 in
862 1128 923 1168 rem
937 1106 1061 1191 (patris)
1075 1114 1162 1169 domi·

208 1191 302 1277 ndns)
324 1213 439 1255 uersum
455 1198 524 1267 erit,
544 1202 577 1253 nt
591 1199 724 1269 quamuis
737 1198 799 1251 sine
813 1198 961 1252 uoluntate
977 1190 1099 1267 (patris)
1114 1198 1163 1253 aio

207 1275 337 1360 minine)
352 1284 492 1355 nepotiani
506 1286 615 1354 pestem
630 1284 695 1350 erit,
716 1287 811 1336 tamen
825 1283 888 1336 nne
901 1280 970 1352 quid
981 1279 1012 1334 in
1026 1295 1087 1336 rem
1103 1283 1165 1337 eins

208 1382 324 1424 uersum
335 1366 439 1438 suerit,
454 1366 484 1421 id
498 1372 583 1421 toturn
594 1370 754 1435 praestare
768 1364 881 1434 debeat,
897 1366 959 1419 sine
973 1365 1043 1436 quid
1057 1382 1113 1421 non
1129 1368 1165 1421 sit

208 1454 237 1507 in
253 1464 313 1505 rem
328 1453 389 1506 eius
403 1464 529 1518 uersum,
543 1450 574 1504 id
587 1455 708 1505 eotenus
720 1453 876 1519 praestare
890 1446 1000 1518 debeat,
1021 1454 1164 1521 quatenns

206 1536 352 1606 peculium
373 1535 502 1603 potitur:
529 1528 570 1605 [in
593 1547 655 1587 rern
678 1539 772 1588 autern
793 1533 897 1587 domini
917 1546 1033 1587 uersum
1053 1534 1162 1588 intelle·

207 1620 295 1691 nitur,
315 1617 452 1690 quidquid
470 1619 635 1672 necessario
656 1619 686 1671 in
707 1630 767 1671 rem
788 1618 850 1671 eins
867 1614 1031 1685 inpenderit
1049 1629 1163 1685 seruus,
1176 1631 1234 1686 [soal

209 1704 300 1758 ueluti
313 1703 339 1756 si
351 1706 498 1756 mutuatus
510 1702 664 1770 pecuniam
679 1699 869 1756 creditoribus
884 1702 946 1754 eius
963 1701 1089 1763 soluerit,
1113 1707 1164 1756 aut

210 1787 344 1857 aedificia
365 1787 479 1841 ruentia
497 1782 625 1854 fulserit,
646 1790 698 1839 aut
715 1782 847 1854 familiae
862 1782 1039 1854 frumentum
1055 1787 1164 1852 emerit,

211 1872 257 1926 uel
278 1872 361 1925 etiam
377 1868 502 1940 sunctum
523 1875 574 1923 aut
594 1867 748 1940 quamlibet
771 1867 859 1923 aliam
885 1881 945 1921 rem
969 1871 1165 1924 necessariam

210 1958 356 2009 mercatus
371 1941 451 2031 erit.·]
474 1955 570 2024 itaque
590 1954 616 2006 si
630 1966 670 2008 eac
684 1952 781 2006 decern
795 1957 899 2021 utputa
914 1953 1069 2022 sestertiis,
1090 1965 1165 2023 qnae

210 2053 314 2094 seruus
334 2043 437 2093 tonso
461 2035 532 2091 Titio
553 2042 651 2091 mutuo
671 2038 799 2104 accepit,
822 2035 958 2090 creditori
978 2041 1025 2089 tuo
1040 2038 1165 2108 quinque

210 2124 342 2177 sestertia
358 2122 486 2189 soluerit,
501 2119 613 2190 reliqna
629 2133 700 2173 uero
721 2121 845 2189 quinque
865 2118 988 2188 quolibet
1002 2121 1083 2175 nodo
1098 2135 1167 2175 con·

211 2206 379 2274 sumpserit,
398 2219 454 2271 pro
469 2204 594 2273 quinque
609 2202 720 2272 quidem
740 2202 902 2257 insolidum
922 2202 1057 2257 damnari
1072 2203 1166 2271 debes,

208 2302 264 2355 pro
281 2287 387 2340 ceteris
402 2298 473 2339 uero
490 2287 613 2355 quinque
630 2290 764 2349 eatenus,
787 2292 930 2356 quatenns
944 2288 974 2340 in
984 2289 1101 2356 peculio
1115 2289 1167 2342 sit.-

283 2393 304 2460 1)
317 2386 399 2462 q'optio
413 2397 462 2461 (oel
477 2395 501 2464 e)
521 2392 573 2456 1⁷¹²,
587 2398 634 2447 sed
647 2404 675 2447 ut
688 2400 764 2448 etiam
778 2399 812 2461 pti
827 2401 930 2448 litterae
941 2399 1000 2461 fere
1010 2406 1097 2449 certae
1105 2403 1166 2450 sint.

216 2467 317 2518 Vitiosa
330 2482 394 2517 sone
407 2469 553 2532 scriptura,
567 2469 615 2518 sed
628 2469 700 2526 inde,
716 2476 830 2532 utputo,
848 2476 937 2526 enata,
952 2470 1022 2533 quod
1034 2472 1061 2519 in
1075 2471 1166 2521 arcite-

211 2546 271 2603 typo
290 2537 365 2602 quod.
376 2545 446 2597 erat,
466 2539 512 2588 cui*
531 2547 547 2587 t't
565 2547 696 2603 acceptum
710 2546 749 2589 est
765 2540 844 2602 quiet
861 2546 975 2588 notatum
985 2532 1016 2603 q',
1030 2540 1167 2590 abeuntes

211 2611 238 2659 in
257 2623 280 2657 o.
312 2608 351 2657 De
369 2624 399 2658 re
417 2611 484 2659 idern
504 2609 584 2659 Gaius
601 2611 643 2659 liis
661 2609 747 2659 uerbis
762 2610 839 2667 dicit,
859 2609 928 2673 quod
944 2609 1000 2673 Uip.
1020 2611 1052 2660 L.
1067 2624 1088 2661 1.
1107 2612 1132 2673 ξ.
1146 2623 1166 2662 1.

211 2680 243 2730 Ι).
257 2680 289 2728 de
303 2679 390 2730 tribui.
405 2687 456 2730 oct.
472 2681 516 2745 (ts,
529 2678 562 2744 s),
576 2681 670 2730 mercis
684 2681 892 2743 appellationem,
909 2681 970 2730 iicet
983 2683 1120 2746 anqustior
1133 2683 1168 2732 sit

211 2748 338 2814 (pertinet
355 2752 422 2800 enirn
436 2752 547 2814 proprie
560 2751 597 2799 ad
609 2765 652 2799 res
671 2765 736 2813 quoe
749 2753 867 2816 μερικῶς
880 2751 986 2799 minutis
998 2753 1095 2814 pretiis
1108 2768 1168 2801 oen·

211 2822 322 2880 duntur,
340 2822 407 2870 unde
425 2823 502 2870 etiam
519 2821 590 2869 dieta
608 2819 668 2883 est),
687 2822 715 2869 in
733 2820 783 2870 dac
806 2827 888 2869 tamen
906 2822 1008 2870 actione
1030 2822 1066 2871 od
1082 2837 1169 2872 omnes

212 2894 288 2941 etiam
301 2893 409 2942 maioris
418 2893 502 2954 pretii
511 2905 554 2939 res
567 2893 636 2940 uelut
644 2905 740 2948 servos,
754 2898 836 2954 topos,
850 2891 878 2939 in
888 2889 979 2953 quibus
988 2893 1046 2954 qais
1056 2894 1168 2957 nepotis·

212 2968 264 3020 tur,
274 2962 462 3027 porripendam
476 2975 538 3010 esse.
559 2960 675 3010 Ceterum
684 2962 772 3009 uitium
781 2963 833 3009 iarn
842 2962 869 3009 in
883 2960 1016 3023 Theophili
1024 2964 1170 3026 exemplari

211 3033 329 3081 extitisse
341 3031 456 3089 uidetur,
475 3031 542 3080 unde
557 3030 620 3080 naec
634 3030 712 3080 verba
727 3033 754 3079 in
768 3031 880 3081 Institut.
895 3033 986 3081 omisit.
1059 3028 1081 3096 ¹)
1100 3031 1170 3092 Quae

211 3109 361 3166 sequnntur,
376 3117 432 3151 cum
446 3103 473 3150 in
489 3101 514 3151 O.
521 3117 548 3164 p.
558 3112 597 3152 215
602 3116 687 3164 paene
697 3101 762 3149 nillil
772 3103 824 3166 lepi
829 3103 954 3164 potuerit,
966 3100 999 3150 ad
1008 3102 1065 3151 edd.
1073 3106 1170 3166 paucis

212 3173 360 3223 necessario
373 3172 472 3221 additis
485 3173 524 3220 oei
533 3173 637 3221 mutatis
650 3186 686 3220 eoe
698 3170 762 3220 Inst.
776 3173 893 3234 suppleta
907 3173 1008 3221 omnino
1022 3180 1091 3230 sunt,
1104 3176 1170 3223 satis

212 3249 275 3301 tuto,
290 3249 317 3291 ut
331 3243 433 3291 litterae
448 3243 572 3305 quaedam
585 3258 602 3290 a
616 3241 687 3292 Sido
706 3243 787 3291 lectae
800 3243 959 3304 confirmant.
984 3242 1079 3292 Verum
1093 3245 1171 3293 etiarn

213 3311 315 3360 Mevius
329 3313 453 3375 quaedam
464 3311 555 3361 Gaium
564 3313 724 3376 expressisse
733 3313 813 3374 spatii
821 3314 891 3362 ratio
902 3312 984 3361 docet.
1002 3312 1094 3377 Itaque
1104 3329 1170 3378 quoe

214 3381 242 3427 in
255 3380 339 3431 Instit.
354 3382 446 3431 addita
460 3396 514 3431 esse
527 3381 656 3440 uidentur,
671 3378 703 3448 []
719 3383 823 3431 inclusi.
848 3381 960 3432 Possunt
970 3390 1052 3433 tamen
1067 3391 1092 3433 et
1104 3385 1169 3433 iaec

217 3447 278 3496 Gaii
291 3465 345 3499 esse
360 3459 384 3500 et
398 3451 504 3500 librarii
518 3454 594 3514 culpa
608 3453 709 3501 omissa.

284 3547 308 3618 ἓ.
324 3554 364 3602 ts.
380 3575 413 3594 =
428 3556 451 3615 ἓ.
465 3566 486 3604 s.
506 3554 528 3603 Ι.
544 3554 577 3604 io.
599 3555 637 3617 Of.
653 3555 729 3604 Paul.
744 3567 766 3618 s,
780 3567 800 3607 t.
902 3550 905 3555 ’
