2609 3942
430 235 492 270 ann
509 236 611 272 menan.
628 220 663 272 Π.
675 225 784 275 32-37.
1021 221 1083 286 229

126 374 202 444 uelit,
223 374 391 447 pactionibus
409 383 436 431 et
453 374 673 449 stipulationibus
685 376 712 431 id
725 375 833 433 efficere
850 387 957 450 potest3
973 380 1035 451 quia
1048 395 1082 435 ne

125 461 182 532 ipsa
205 458 312 531 quidem
334 458 441 531 praedia
463 461 685 532 mancipationem
709 467 756 515 aut
773 454 831 535 (in)
852 463 911 517 iure
933 465 1081 518 cessionem

124 540 278 614 ’recipiunt
300 537 347 598 32.
360 535 423 598 Set¹
437 558 497 597 cum
510 543 684 599 ususfructus
700 552 727 598 et
742 543 879 598 hominum
890 554 918 599 ct
929 553 1081 602 ceterorum

126 626 277 682 animalium
289 626 418 681 constitui
437 628 533 699 possit,
552 626 712 699 intellegere
725 626 864 698 debemus,
883 627 980 684 borum
992 645 1082 683 usum·

125 710 245 767 fructum
266 711 345 765 etiam
364 710 390 764 in
411 711 560 782 prouinciis
581 726 630 783 per
650 712 678 765 in
699 712 759 765 iure
778 712 928 766 cessionem
953 713 1082 767 constitui

125 810 216 868 posse.
237 788 285 851 33.
295 791 372 860 Quod
379 802 468 848 autem
483 794 606 864 diximus,
618 794 817 850 usumfructum
828 797 856 850 in
866 796 924 850 iure
934 797 1083 850 cessionem

126 886 229 934 tantum
247 878 382 950 recipere,
404 894 458 932 non
478 887 521 934 est
543 887 643 934 temere
661 878 778 949 dictum,
798 880 920 951 quamuis
938 882 1018 935 etiarn
1034 897 1083 953 per

124 961 347 1034 mancipationem
367 962 497 1018 constitui
516 964 605 1035 possit
625 978 674 1032 eo,
695 963 768 1035 quod
788 963 816 1017 in
832 964 1005 1036 mancipanda
1019 980 1082 1037 pro·

124 1047 240 1119 prietate
255 1044 360 1100 detrahi
375 1053 481 1118 potest;
497 1063 552 1101 non
567 1047 638 1102 enim
648 1048 706 1119 ipse
719 1045 892 1103 ususfructus
903 1049 1082 1120 mancipatur,

123 1129 172 1185 sed
187 1145 247 1185 cum
262 1130 290 1184 in
304 1128 477 1201 mancipanda
493 1132 660 1204 proprietate
675 1130 834 1202 deducatur,
855 1147 887 1186 eo
904 1129 949 1202 lit,
965 1140 995 1186 ut
1010 1133 1084 1204 apud

123 1213 206 1269 alium
221 1212 409 1284 ususfructus,
424 1216 498 1286 apud
511 1214 591 1270 aliurn
605 1214 758 1288 proprietas
772 1208 835 1270 sit.²

187 1293 237 1354 84.
259 1296 399 1352 Hereditas
422 1314 531 1370 quoque
550 1300 578 1353 in
598 1299 657 1352 iure
677 1300 828 1352 cessionem
850 1302 954 1352 tantum
977 1300 1080 1372 recipit.

122 1377 170 1439 85.
190 1381 255 1436 Nam
277 1382 300 1435 si
322 1382 361 1451 is,
384 1379 417 1434 ad
440 1396 520 1453 quem
543 1381 575 1436 ab
598 1382 726 1436 intestato
749 1379 871 1453 legitimo
890 1382 949 1435 iure
963 1384 1083 1454 pertinet

124 1463 270 1534 hereditas,
290 1465 318 1518 in
338 1465 398 1518 iure
418 1479 476 1518 earn
491 1464 538 1520 alii
551 1473 614 1520 ante
629 1465 773 1520 aditionem
794 1466 880 1538 cedat,
902 1465 929 1519 id
951 1473 993 1521 est
1008 1475 1082 1521 ante·

125 1563 205 1620 qnam
221 1548 300 1602 heres
317 1546 447 1615 extiterit,
462 1547 577 1619 proinde
592 1547 622 1602 fit
636 1548 715 1603 heres
730 1550 764 1616 is,
784 1549 827 1602 cui
843 1550 869 1603 in
885 1550 944 1603 iure
959 1552 1081 1619 cesserit,

126 1645 158 1685 ac
172 1630 196 1684 si
210 1631 268 1702 ipse
283 1644 332 1702 per
346 1628 434 1698 legem
450 1629 482 1682 ad
497 1629 673 1685 hereditatem
692 1640 806 1686 uocatus
827 1640 912 1686 esset:
934 1641 997 1704 post
1013 1632 1080 1687 obli-

126 1714 262 1786 gationem
277 1726 344 1767 uero
359 1712 383 1764 si
398 1712 521 1776 cesserit,
543 1712 715 1767 nihilominus
736 1715 795 1784 ipse
813 1706 819 1787 Ι
837 1715 916 1769 heres
931 1724 1080 1785 permanet,
1094 1712 1135 1760 63.

126 1805 155 1852 et
177 1795 213 1852 ob
234 1796 260 1851 id
283 1792 464 1850 creditoribus
487 1793 638 1864 tenebitur,
661 1794 750 1849 debita
765 1810 831 1850 uero
846 1805 973 1868 pereunt,
995 1813 1082 1869 eoque

125 1879 207 1936 rnodo
222 1879 359 1936 debitores
375 1876 532 1934 hereditarii
543 1877 648 1933 lucrum
664 1877 778 1948 faciunt3
801 1894 915 1951 corpora
937 1894 1003 1933 uero
1024 1882 1083 1935 eins

124 1963 282 2021 hereditatis
301 1959 415 2036 perinde
436 1969 577 2016 transeunt
592 1961 624 2018 ad
640 1978 711 2030 eum,
731 1962 774 2016 cui
789 1977 863 2016 cessa
879 1970 921 2017 est
938 1961 1081 2033 hereditas,

124 2049 192 2105 acsi
208 2049 231 2103 ei
246 2045 355 2120 singula
369 2046 397 2101 in
412 2045 470 2100 iure
486 2061 560 2101 cessa
575 2044 701 2102 fuissent.
735 2041 782 2102 36.
806 2045 978 2100 Testamento
994 2054 1083 2102 antem

124 2134 241 2205 scriptus
257 2133 335 2187 heres
349 2136 412 2185 ante
427 2128 524 2185 aditam
538 2129 646 2202 quidem
661 2129 838 2185 hereditatem
850 2131 878 2185 in
893 2132 951 2185 iure
962 2131 1082 2187 cedendo

125 2232 182 2270 eam
199 2214 246 2271 alii
258 2215 326 2270 nihil
340 2215 411 2287 agit3
425 2223 522 2286 postea
538 2230 603 2269 uero
616 2230 695 2286 qoam
711 2213 807 2269 adierit
821 2216 845 2269 si
860 2214 952 2285 cedat,
969 2231 1001 2270 ea
1016 2216 1082 2271 acci·

50 2307 110 2361 tam]
125 2299 203 2369 dunt,
220 2314 288 2371 quae
303 2298 424 2369 proxime
439 2297 551 2353 diximus
567 2297 600 2354 de
615 2313 664 2368 eo,
682 2297 715 2352 ad
730 2314 810 2371 quem
826 2298 858 2353 ab
872 2301 1000 2355 intestato
1016 2299 1082 2371 legi·

124 2385 192 2439 timo
214 2382 273 2437 iure
295 2382 414 2454 pertinet
434 2381 585 2452 hereditas,
607 2383 716 2455 sipost
738 2381 930 2455 obligationem
946 2377 1003 2460 (in)
1023 2385 1082 2439 iure

124 2465 212 2523 cedat.
242 2462 287 2523 37.
310 2464 382 2521 ldern
400 2474 426 2521 et
449 2464 482 2521 de
504 2467 662 2521 necessariis
678 2465 821 2521 heredibus
836 2466 958 2522 diuersae
973 2467 1082 2523 scholae

123 2557 250 2606 auctores
265 2550 426 2620 existimant,
449 2549 523 2622 quod
539 2550 603 2604 nihil
619 2549 729 2604 uidetur
743 2551 890 2619 interesse,
909 2559 999 2605 utrum
1015 2544 1081 2627 (ali-

122 2626 201 2708 quis)
211 2632 334 2689 adeundo
346 2633 524 2689 hereditatem
535 2630 582 2686 fiat
593 2633 673 2686 heres
685 2648 717 2686 an
728 2633 831 2686 inuitus
845 2625 960 2688 ’statim3
974 2636 1081 2690 existat.

200 2779 219 2849 ¹)
232 2783 359 2845 rccipiunt’
375 2789 399 2831 et
415 2782 440 2831 Ο.
460 2782 586 2844 recipiunt.
615 2780 646 2829 Et
660 2781 699 2829 ed.
714 2779 761 2845 Bp.
841 2776 863 2844 ²)
876 2779 999 2845 Sequitur
1013 2784 1083 2832 tineo

122 2869 215 2903 vacua.
289 2849 410 2917 ³)statem
424 2852 499 2902 babet
515 2851 540 2901 0.
557 2853 638 2914 paolo
657 2858 716 2900 onte
731 2853 799 2900 inter
813 2851 902 2898 htatem
918 2859 943 2901 et
961 2853 1013 2914 liat,
1033 2853 1083 2902 dac

123 2925 281 2986 manapocuf.

196 3059 222 3131 §-
238 3066 279 3114 33,
300 3064 338 3126 Of.
353 3064 375 3125 ᾗ.
391 3074 425 3114 eo.
450 3062 493 3114 fh.
514 3062 572 3112 Vnt.
587 3074 621 3113 aa.
636 3073 670 3114 oo.
694 3061 726 3109 L.
741 3073 774 3112 ee.
799 3062 830 3109 D.
850 3061 882 3110 de
901 3061 986 3123 nsofr.
1005 3057 1037 3124 (a,
1051 3059 1083 3126 1.)

124 3130 150 3203 ς.
166 3137 209 3185 34.
230 3133 268 3198 Of.
288 3132 343 3196 Uip,
358 3144 392 3195 m,
408 3145 440 3183 ιι.
469 3131 541 3183 Sero.
560 3133 597 3181 ad
613 3132 679 3181 Aen.
698 3143 719 3190 e,
733 3143 780 3183 eea.
852 3128 878 3199 ξ.
894 3132 936 3181 35.
960 3131 998 3193 Of.
1013 3142 1035 3194 a,
1048 3141 1083 3182 sa.

128 3203 185 3267 tltp.
200 3216 234 3266 19,
249 3215 344 3255 lit—lt.
363 3202 396 3251 L.
411 3216 432 3254 1.
458 3203 483 3252 0.
499 3204 531 3252 de
544 3217 629 3252 revoc.
644 3203 685 3252 hia
698 3217 722 3265 q.
737 3204 765 3250 in
776 3202 869 3264 fraud.
884 3201 915 3265 (a,
929 3202 974 3261 to).
992 3199 1083 3250 Senec.

125 3276 158 3324 de
172 3274 253 3336 hames⁸
269 3286 290 3335 o,
303 3285 324 3326 o.
343 3275 367 3336 §-
381 3286 401 3325 e.
417 3269 530 3340 cesserit]
544 3274 598 3322 siae
611 3274 667 3335 ipse
680 3272 767 3329 heres,
781 3274 835 3320 sive
849 3273 885 3330 is,
904 3274 979 3321 coins
992 3273 1016 3321 is
1029 3272 1084 3320 iuri

121 3351 215 3409 posteo
232 3344 361 3394 subiectos
379 3351 429 3404 est,
449 3345 516 3392 velut
534 3345 559 3393 ei
571 3359 619 3393 aaa
637 3344 712 3392 heres
727 3343 785 3405 fitia
798 3343 825 3390 in
840 3357 940 3390 monum
953 3343 1009 3391 eius
1022 3357 1084 3392 coa·

126 3417 227 3464 uenerit
240 3414 272 3478 (e,
285 3413 331 3480 ec).
365 3414 444 3464 Varr.
459 3414 526 3463 der.
542 3430 565 3463 r.
580 3425 601 3475 e,
616 3424 649 3464 16.
669 3414 691 3475 ἓ.
706 3424 727 3462 n.
744 3412 789 3460 aba·
802 3412 933 3476 tenendum
948 3409 1037 3463 ‘cessa
1050 3414 1085 3462 mi

125 3482 290 3535 nereditate’.
363 3481 387 3552 ξ.
403 3486 445 3535 36.
463 3484 501 3547 Cf.
512 3496 532 3547 e,
547 3495 580 3536 ao.
605 3482 660 3546 Utp.
675 3495 707 3546 ne,
723 3494 757 3533 m.
772 3493 806 3533 ιι.
825 3482 894 3531 Ptin.
905 3498 943 3547 ep.
958 3496 979 3548 s,
994 3498 1014 3535 1.
1028 3485 1083 3546 §.a

124 3553 151 3626 ᾗ.
167 3558 210 3607 37.
232 3555 269 3618 Cf.
284 3567 306 3618 e,
319 3566 353 3607 aa.
369 3570 412 3604 suo
427 3551 494 3622 loco]
508 3556 531 3616 ξ.
547 3565 586 3606 1⁶2
599 3568 650 3617 seq.
