2609 3942
197 169 263 234 290
490 182 549 219 om
565 182 657 218 meur.
676 163 725 217 IlL
744 169 857 217 24-31.

198 316 263 372 dum
278 313 421 382 excedunt,
436 312 503 368 nihil
517 314 583 369 iuris
599 328 631 366 er
646 310 708 383 iege
722 302 856 366 ’hahent.¹
888 304 938 366 24„
954 309 1083 366 Similiter
1093 325 1151 366 oon

200 399 380 455 admittuntur
394 397 515 470 cognati,
530 397 577 469 qui
591 410 641 468 per
655 394 775 449 seminini
788 409 872 449 sexus
887 409 1018 466 personas
1033 395 1151 449 necessi·

199 483 293 539 tudine
307 484 468 555 iunguntur,
483 480 549 535 aden
566 477 682 552 quidem,
698 485 729 532 ut
743 494 794 533 nec
806 479 880 533 iuter
893 485 1006 533 matrem
1021 485 1049 533 et
1064 474 1151 533 filium

198 565 316 623 liliamue
345 566 416 622 ultro
442 566 566 636 citroque
593 560 750 617 hereditatis
776 561 925 635 capiendae
946 563 989 615 ius
1010 568 1151 633 conpetat,

198 661 385 724 praeterquam
400 651 424 705 si
444 664 493 722 per
508 649 536 703 in
554 661 660 702 manum
681 646 889 700 conuentionem
909 645 1151 717 consanguinitatis

198 736 257 790 iura
271 735 344 789 inter
358 749 405 788 eos
420 721 618 788 constiterint.²

261 815 311 875 25.
333 816 385 871 Sed
402 816 451 870 hae
466 816 532 870 iuris
546 813 704 886 iniquitates
719 812 807 867 edicto
822 812 957 884 praetoris
972 812 1129 868 emendatae
1144 807 1150 890 Ι

129 904 272 961 131.sunt.
314 894 364 956 26.
386 898 452 953 Nam
465 899 571 953 liberos
586 912 690 965 omnes,
706 897 752 968 qui
766 894 889 967 legitimo
904 897 963 951 iure
977 894 1151 966 deliciantur,

198 992 280 1040 uocat
302 982 336 1038 ad
358 980 534 1036 hereditatem
556 979 671 1053 proinde
699 995 730 1034 ac
755 980 829 1035 siin
850 986 987 1051 potestate
1008 991 1150 1052 parentum

198 1068 293 1122 mortis
307 1074 431 1137 tempore
445 1064 570 1133 luissent,
585 1066 644 1117 siue
659 1061 712 1117 soli
725 1063 791 1132 sint,
807 1064 865 1117 siue
876 1064 958 1118 etiam
973 1064 1017 1118 sui
1026 1063 1151 1134 heredes,

198 1150 225 1206 id
238 1151 338 1222 estqui
349 1149 376 1203 in
388 1156 524 1221 potestate
534 1147 619 1220 patris
627 1145 748 1216 luerunt,
757 1154 930 1202 concurrant.
952 1142 1000 1204 27.
1012 1145 1150 1219 hdpnatos

199 1241 290 1289 autem
304 1234 390 1306 capite
406 1232 558 1288 deminutos
573 1245 629 1285 nou
643 1229 764 1284 secundo
779 1229 864 1303 grado
879 1237 943 1302 post
956 1246 1021 1285 suns
1036 1230 1150 1285 heredes

199 1326 289 1390 uocat,
303 1315 330 1372 id
346 1324 399 1387 est,
414 1332 470 1372 noo
484 1331 518 1371 eo
533 1313 619 1388 gradu
634 1322 724 1383 uocat,
739 1330 794 1386 quo
809 1328 858 1385 per
872 1312 960 1386 legem
976 1323 1149 1383 uocarentur,

199 1403 224 1457 si
238 1402 325 1474 capite
340 1401 436 1455 minuti
451 1416 507 1455 non
527 1406 632 1461 essent;
656 1396 704 1452 sed
725 1398 806 1452 tertio
826 1398 1005 1469 proximitatis
1026 1398 1148 1453 nomine:

199 1484 263 1539 licet
278 1485 347 1538 enim
363 1484 458 1555 capitis
474 1483 657 1537 deminutione
672 1482 716 1536 ius
726 1481 877 1553 legitimum
888 1480 1064 1553 perdiderint,
1076 1489 1150 1536 certe

200 1567 371 1640 cognationis
385 1567 445 1622 iura
459 1569 591 1621 retinent:
606 1566 698 1637 itaque
713 1565 736 1618 si
747 1563 885 1636 quisalius
896 1566 941 1638 sit,
953 1566 998 1637 qui
1013 1565 1149 1636 integrum

201 1653 245 1706 ius
261 1651 413 1724 agnationis
429 1649 548 1720 habebit,
571 1650 593 1703 is
608 1649 701 1721 potior
723 1649 784 1718 erit,
807 1649 912 1703 etiamsi
926 1647 1050 1721 longiore
1065 1647 1151 1720 gradu

201 1734 295 1792 luerit.
338 1729 389 1791 28.
412 1732 484 1790 ldem
499 1734 566 1788 iuris
582 1740 633 1802 est,
657 1738 688 1786 ut
703 1731 809 1804 quidam
824 1734 971 1805 putentia
987 1733 1044 1787 eins
1059 1735 1150 1804 agnati

200 1835 332 1893 persona,
355 1819 401 1891 qni
422 1818 544 1890 proximo
566 1824 666 1889 agnato
689 1816 830 1871 omittente
852 1813 1043 1883 hereditatem,
1066 1815 1152 1870 nihilo

200 1903 286 1975 magis
301 1904 359 1957 iure
375 1901 496 1974 legitimo
518 1900 683 1968 admittitur;
706 1897 754 1953 sed
776 1906 855 1968 sunt,
878 1897 924 1971 qui
946 1907 1056 1972 putant,
1078 1900 1152 1954 huuc

201 1987 295 2043 eodem
311 1984 396 2059 gradu
411 2001 425 2039 a
441 1993 567 2058 praetore
582 1984 689 2056 uocari,
711 1998 766 2055 quo
786 1983 866 2038 etiam
880 1998 930 2054 per
943 1982 1032 2055 legem
1046 1984 1151 2055 agnatis

200 2069 335 2126 hereditas
357 2068 444 2122 datur.
488 2062 538 2123 29.
562 2065 686 2120 Feminae
707 2075 782 2121 certe
804 2074 925 2139 agnatae,
950 2082 1018 2139 quae
1037 2083 1151 2122 consan-

201 2156 362 2227 guineorum
385 2150 497 2223 gradum
519 2147 664 2218 excedunt,
685 2152 768 2204 tertio
791 2150 877 2219 gradu
892 2157 1034 2221 uocantur,
1057 2150 1084 2205 id
1098 2159 1150 2225 est,

202 2237 328 2307 sineque
349 2249 414 2287 snus
430 2234 510 2288 heres
529 2247 618 2304 neque
638 2241 753 2304 agnatus
777 2232 931 2289 alluserit.
974 2230 1028 2291 80.
1050 2233 1150 2289 Eodem

202 2315 288 2391 grado
304 2323 437 2373 uocantur
451 2317 531 2371 etiam
546 2331 593 2372 eae
607 2330 756 2389 personae,
772 2331 846 2389 quoe
866 2332 915 2389 per
937 2316 1057 2373 feminini
1071 2333 1151 2390 serus

200 2415 332 2475 personas
346 2400 489 2473 copulatae
503 2406 576 2454 suut.
617 2395 661 2456 θλ
682 2398 772 2455 Liberi
788 2415 907 2472 quoque,
922 2402 966 2471 qui
981 2401 1009 2455 in
1025 2399 1150 2472 adoptiua

200 2483 299 2540 familia
314 2491 394 2556 suut,
417 2482 450 2539 ad
465 2483 625 2540 naturalium
639 2491 782 2556 parentum
798 2483 974 2539 hereditatem
990 2484 1042 2540 hoc
1057 2484 1150 2540 eodem
1161 2502 1225 2551 [ara]

201 2566 287 2641 gradu
302 2575 446 2627 uocantur.

274 2714 294 2784 1)
308 2719 404 2769 hahent'
415 2718 441 2769 0.
459 2718 594 2769 Fortasse:
607 2718 696 2767 hahere
710 2716 833 2778 oidentnr;
849 2716 973 2781 quiahoc
987 2731 1038 2767 non
1053 2724 1103 2766 tam
1116 2731 1152 2766 em

137 2824 140 2832 ·
199 2793 255 2855 lege
269 2805 344 2854 quom
356 2805 391 2840 ex
405 2791 618 2852 interpretatione
632 2789 689 2838 eiua
702 2786 825 2836 veniebat.
855 2787 894 2849 Gs.
909 2789 932 2849 ὃ.
947 2799 981 2837 tt.
996 2787 1092 2850 placuit.

201 2857 223 2928 ¹)
236 2859 359 2925 Sequitur
373 2862 442 2911 lineo
456 2873 546 2909 nocuo.

269 2999 296 3072 ᾖ.
312 3004 353 3052 24.
375 3000 414 3064 Of.
432 2999 487 3063 tltp.
502 3009 537 3057 it,
551 3010 571 3049 t.
588 3010 608 3049 8.
620 3013 664 3061 pr.
681 2996 748 3047 tote
762 2996 810 3047 SC.
829 2996 932 3045 Tertutt.
948 2995 1022 3063 (3.3).
1068 2993 1093 3065 §-
1107 2999 1150 3048 25.

201 3073 240 3137 os.
251 3089 295 3136 pr.
311 3074 334 3134 ς.
350 3072 419 3133 ofin.
439 3068 583 3131 Ldehp.
598 3067 676 3134 (na).
745 3065 827 3137 §.aa
848 3067 1040 3129 Gs.§§.1e.ro.
1061 3069 1151 3117 Cottae.

200 3155 234 3202 ra,
249 3155 268 3194 r.
283 3145 306 3205 t.
321 3153 342 3191 a.
365 3140 420 3204 tfzp.
435 3150 470 3198 ee,
485 3150 505 3190 a.
529 3141 552 3201 5.
567 3150 588 3190 o.
603 3138 626 3187 1.
641 3139 673 3187 de
687 3138 774 3187 terea.
790 3154 813 3201 q.
828 3137 861 3187 ad
875 3138 920 3186 int.
935 3135 967 3201 (a,
982 3136 1013 3203 1).
1068 3134 1094 3206 §-
1109 3140 1150 3187 27.

202 3212 241 3276 Cf.
256 3215 279 3275 §-
294 3223 328 3263 at.
352 3211 407 3275 Uip.
417 3221 451 3265 at.
461 3221 482 3261 e.
503 3208 573 3272 Epir.
587 3219 609 3274 a,
623 3220 644 3259 8.
660 3209 682 3270 §.
694 3219 714 3257 t.
725 3224 768 3270 pr.
784 3207 806 3256 I.
822 3208 853 3257 de
867 3221 978 3256 sacceas.
993 3222 1067 3272 copo,
1078 3207 1109 3272 (a,
1119 3205 1151 3271 a).

200 3298 281 3345 supra
296 3295 316 3341 1,
331 3293 377 3333 158.
445 3276 529 3349 ξ28.
555 3277 1152 3343 Gf.§§12.22.§,t.1.deleg.agasone.

200 3350 279 3415 (na).
324 3346 407 3418 §.ae
428 3351 554 3413 effipia.
571 3349 799 3408 Fortenses·
851 3344 877 3416 ξ.
892 3350 934 3398 30.
957 3347 996 3409 Os.
1007 3349 1028 3409 ξ.
1040 3358 1074 3397 at.
1096 3347 1152 3409 lltp.

200 3416 914 3482 aaa.Epit.2‚e.§.t.§.1.l.deauce.cogo.(a‚a).
965 3413 1152 3485 §.iliata

200 3488 224 3538 Ι.
238 3487 295 3537 eod.
316 3488 355 3549 Of.
369 3488 439 3551 Epir.
454 3491 471 3537 l.
486 3504 508 3537 c.
