2609 3942
487 196 657 238 nn111xsn1r.
677 181 723 234 lv.
743 187 784 240 74.
1050 186 1114 252 373

157 329 211 412 [en
221 354 277 408 qno
289 339 398 392 scilicet
409 342 545 408 apparet,
558 340 584 392 si
595 343 653 393 toto
665 340 762 394 decem
774 344 909 397 sestertio
921 343 950 398 in
962 359 1023 399 rent
1035 349 1113 400 taam

155 435 244 477 nerse
254 419 378 492 suerint,
395 427 453 477 toto
468 423 565 476 decem
581 426 714 478 sestertio
733 422 833 479 Titiam
845 430 983 498 consequi
991 442 1080 497 posse
1087 420 1111 502 ,·]

155 507 224 560 licet
239 507 313 560 enim
329 522 387 560 nna
403 510 446 560 est
461 508 547 574 actio,
568 521 626 577 qno
640 507 676 560 de
688 509 803 576 pecatio
818 509 909 580 deque
925 524 971 578 eo,
994 512 1071 579 qnod
1082 514 1112 565 in

155 579 522 667 rem(potris)domini(ne)
534 603 650 644 uersum
663 592 711 659 sit,
723 593 829 662 apitnr,
841 599 936 646 tomen
947 592 1112 647 dnasitobet

156 674 405 729 condemnationes
410 696 419 735 ,·
431 676 528 745 itaque
537 674 634 742 index,
649 675 731 743 opud
740 690 823 745 quem
836 689 871 730 eo
884 679 1111 748 actioneapitnr,

156 762 222 812 ante
237 758 379 827 dispicere
394 758 479 823 solet,
496 773 535 811 an
552 759 582 812 in
597 770 658 811 rem
678 754 798 828 (patris)
813 749 981 836 domini(ne)
996 773 1112 815 uersum

155 844 201 909 sit,
216 855 271 896 nec
286 842 371 896 aliter
386 841 426 895 ad
437 841 546 911 peculii
559 843 782 897 aestimationem
798 846 913 913 transit,
928 859 1013 915 qaam
1024 845 1051 899 si
1062 847 1113 898 ant

155 924 225 980 aiiii
238 927 268 980 in
282 939 344 980 rem
356 918 477 1000 (patris)
489 914 657 1002 domini(ne)
668 939 785 981 nersnm
795 928 978 1000 inteliepotnr
992 933 1043 982 ont
1054 942 1112 982 non

156 1015 257 1065 totam:
273 1024 337 1064 cnm
352 1014 447 1064 antem
462 1012 622 1081 quaeritur,
643 1015 782 1081 qnantum
796 1014 826 1080 ip
842 1014 958 1082 peculio
976 1012 1022 1079 sit,
1044 1015 1112 1065 ante

154 1086 322 1167 diducitur,
349 1092 422 1165 quod
449 1094 518 1165 patri
544 1090 690 1149 dominoco
716 1095 816 1166 quique
837 1095 865 1150 in
889 1095 948 1150 cius
974 1097 1177 1167 potestatetti.

154 1178 201 1247 sit,
216 1193 231 1230 a
247 1173 302 1232 filio
317 1192 433 1232 seruoue
449 1175 573 1246 debetur,
595 1184 622 1232 et
638 1177 712 1250 quod
727 1186 867 1251 superest,
890 1179 943 1234 hoo
957 1178 1046 1233 solum
1060 1194 1108 1250 pe·
1121 1166 1139 1203 ‘⁴
1153 1172 1171 1202 ¹·

154 1260 252 1316 oulium
271 1276 331 1316 esse
351 1258 534 1335 intellegitur3
557 1260 699 1333 aliquando
722 1268 810 1315 tamen
828 1260 870 1329 id,
892 1260 964 1333 quod
986 1262 1010 1315 ei
1030 1258 1111 1315 debet

155 1341 225 1399 filius
241 1359 386 1411 seruusue,
411 1345 456 1415 qui
472 1344 499 1398 in
515 1350 650 1415 potestate
667 1344 748 1412 patris
765 1343 900 1398 dominiue
915 1345 964 1413 sit,
987 1359 1042 1397 non
1063 1341 1110 1397 de·

153 1427 263 1482 ducitur
282 1440 314 1479 ex
339 1425 460 1497 peculio,
483 1425 559 1480 uelut
581 1426 604 1479 si
626 1426 663 1495 is,
687 1425 730 1480 cui
752 1425 850 1496 debet,
871 1427 899 1480 in
921 1425 1001 1481 huius
1023 1426 1109 1499 ipsius

153 1507 260 1583 peculio
275 1510 320 1564 sit.
357 1502 404 1563 ⁷4.
428 1506 551 1562 Ceterum
575 1507 684 1563 dubium
707 1516 839 1579 nonest,
863 1510 927 1582 quin
950 1517 978 1565 et
999 1510 1039 1580 is,
1062 1509 1109 1582 qui

153 1595 230 1649 iussu
253 1591 338 1664 patris
360 1589 496 1646 dominius
518 1592 669 1661 contraxit,
692 1592 789 1663 cuique
811 1592 946 1648 institoria
969 1593 1012 1649 uel
1034 1608 1110 1648 exer·

154 1677 247 1734 eitoria
261 1674 377 1732 iortnula
392 1674 533 1746 competit,
549 1673 581 1728 tie
597 1674 702 1746 peculio
718 1683 765 1729 aut
778 1674 812 1730 de
823 1677 850 1730 in
861 1692 918 1731 rem
933 1692 1014 1731 uerso
1027 1691 1109 1748 agere

153 1761 255 1834 possit3
270 1759 317 1815 sed
333 1774 412 1814 nemo
428 1765 481 1811 tam
496 1757 598 1811 stultus
613 1759 675 1828 erit,
695 1765 725 1813 ut
740 1759 786 1830 qui
801 1758 889 1831 aliqua
903 1758 1010 1813 illarum
1026 1760 1107 1814 actio·

153 1844 282 1899 numsine
295 1841 377 1898 dubio
387 1838 503 1896 solidum
509 1842 641 1913 consequi
653 1842 750 1914 possit,
761 1834 829 1897 'uel¹
840 1843 867 1896 in
880 1839 1067 1898 difficultatem
1079 1858 1109 1897 se

152 1927 267 1983 detineat
282 1925 424 2000 probandi,
439 1923 536 1980 habere
552 1924 686 1998 peculium
702 1941 773 1995 cum,
789 1942 849 1981 cum
865 1941 919 1998 quo
934 1927 1108 1995 contraxerit,

152 2027 240 2084 exque
254 2025 287 2065 eo
303 2008 409 2083 peculio
431 2024 513 2082 posse
528 2008 579 2064 sibi
593 2011 658 2064 satis
673 2007 743 2079 fieri,
764 2009 808 2065 uel
822 2009 860 2078 id,
883 2008 956 2081 quod
971 2010 1109 2082 persequi·

151 2103 209 2164 tur,
223 2095 250 2149 in
265 2109 322 2149 rem
337 2094 422 2166 patris
437 2092 573 2149 dominiue
588 2109 697 2149 uersum
712 2109 782 2148 esse.
812 2093 836 2148 is
857 2109 982 2166 quoque,
1004 2093 1047 2147 eni
1063 2093 1109 2146 tri·

152 2177 259 2234 hutoria
273 2177 344 2233 aetio
360 2177 494 2250 conpetit,
514 2175 547 2232 de
570 2175 676 2250 peculio
699 2177 742 2232 nel
764 2177 797 2232 de
818 2178 844 2233 in
860 2193 917 2233 rem
933 2192 1013 2233 uerso
1029 2191 1108 2249 agere

153 2268 260 2335 potest3
281 2261 329 2317 sed
350 2260 413 2316 huie
431 2276 495 2315 sane
515 2260 676 2334 plerumque
690 2260 809 2334 expedit,
830 2262 878 2317 hae
892 2263 985 2334 potius
1001 2261 1107 2316 actione

79 2348 138 2411 [see]
154 2346 193 2401 uti
208 2361 287 2418 quam
303 2343 460 2415 tributoria3
476 2359 538 2398 nam
552 2345 580 2398 in
595 2343 738 2400 tributaria
754 2347 812 2401 eius
827 2345 911 2401 solius
926 2344 1024 2420 peculii
1039 2345 1108 2400 ratio

152 2429 277 2500 habetur,
292 2426 366 2501 quod
381 2429 409 2483 in
424 2426 466 2481 his
481 2425 615 2482 mercibus
630 2435 686 2491 est,
707 2429 735 2482 in
753 2428 850 2501 quibus
865 2431 1022 2502 negotiatur
1036 2426 1108 2484 filius

153 2528 301 2583 semesae,
323 2510 451 2583 quodque
473 2508 535 2564 inde
555 2517 692 2582 receptum
707 2512 775 2580 erit,
796 2519 822 2568 at
837 2512 864 2566 in
878 2514 983 2568 actione
1000 2511 1108 2586 peculii,

153 2596 253 2653 totius:
269 2604 297 2650 et
311 2601 404 2667 potest
418 2594 533 2666 quisque
547 2593 627 2648 tertia
643 2592 714 2647 iorte
729 2602 775 2648 aut
795 2603 889 2666 quarte
904 2596 947 2650 uel
962 2597 1041 2651 etiam
1057 2597 1107 2651 mi·

152 2696 220 2736 nore
235 2685 311 2753 parte
326 2677 425 2750 peculii
439 2677 584 2750 negotiari,
600 2677 738 2731 maximam
754 2692 819 2731 nero
840 2684 942 2749 partem
954 2677 1064 2750 ‘peculii
1079 2679 1108 2733 in

152 2763 212 2818 aliis
226 2763 308 2818 rebus
323 2760 438 2829 habere3
460 2760 542 2833 longe
558 2761 643 2833 magis
661 2760 686 2814 si
704 2767 795 2834 potest
812 2758 961 2832 adprobari,
983 2758 1019 2814 'id
1035 2760 1107 2832 quod

153 2844 274 2916 (dederit
288 2844 347 2918 qni)
362 2839 521 2913 contraxit‚²
541 2845 567 2898 in
582 2860 639 2898 rem
658 2845 743 2917 patris
763 2845 898 2899 dominiue
913 2858 1021 2898 uersum
1037 2858 1108 2912 esse,

152 2930 185 2986 ad
207 2931 275 2986 hane
295 2929 429 2984 actionem
450 2928 564 2985 transire
585 2927 679 2994 dehet3
701 2943 775 2997 nam,
798 2934 930 3000 utsupra
951 2926 1080 2995 diximus,
1101 2919 1106 3002 Ι

151 3013 242 3071 eadem
259 3011 373 3069 formula
388 3020 415 3069 et
430 3012 463 3067 de
478 3010 585 3085 peculio
601 3018 628 3066 et
643 3010 676 3065 de
691 3011 718 3067 in
734 3027 791 3067 rem
807 3026 887 3067 uerso
904 3011 1003 3083 agitur.
1126 3015 1182 3067 uti.

226 3134 245 3202 ¹)
264 3152 280 3186 u
298 3137 372 3186 adiit
392 3136 423 3194 O,
447 3137 515 3199 quod
533 3142 666 3198 acceptam
683 3156 717 3177 --·
736 3135 774 3183 nei
797 3136 858 3184 iicet
875 3133 904 3182 id
921 3132 985 3182 Inet.
1005 3138 1030 3181 et
1051 3131 1109 3183 edd.

151 3210 285 3275 ipnorcnt,
301 3207 373 3270 ferri
386 3213 485 3270 potest,·
505 3222 563 3256 nom
582 3221 630 3255 aen
645 3206 703 3264 fori
720 3212 818 3254 matare
832 3206 864 3254 de
878 3205 983 3267 pecniio
997 3209 1022 3252 et
1034 3202 1067 3251 dc
1081 3203 1109 3251 in

150 3276 209 3330 rem
214 3293 290 3328 verso
300 3279 375 3327 etiam
380 3293 433 3341 pro
442 3276 543 3326 duabus
551 3275 697 3326 actionibus
706 3276 793 3338 accipi
801 3281 906 3338 coeptae
916 3289 970 3324 csse
980 3273 1108 3332 videntne,

151 3365 201 3415 quo
214 3355 333 3412 spectant
346 3347 424 3397 verba
439 3349 468 3396 de
482 3348 576 3410 peculio
591 3354 631 3395 ant
644 3346 674 3395 de
690 3346 712 3393 in
727 3360 778 3394 rem
792 3356 872 3407 uerso,
886 3359 970 3407 egere,
984 3350 1108 3394 attamen

150 3423 236 3469 altero
250 3422 358 3469 alteram
373 3425 539 3469 consumeret.
604 3411 625 3481 ¹)
641 3417 666 3465 id
680 3413 823 3484 qlcontrexit
841 3411 893 3466 W.
911 3414 1042 3480 Suppleoi.

221 3521 246 3593 ς.
263 3527 305 3575 tt.
328 3524 365 3588 ef.
381 3527 404 3588 ς.
419 3536 439 3576 s.
459 3522 530 3574 xeo.
549 3525 573 3585 §-
588 3533 621 3574 n.
