2609 3942
222 236 284 300 356
514 249 575 285 cen
593 250 693 289 rusrrr,
711 231 758 284 IV.
777 237 885 286 32-34,

154 391 210 440 200.
223 399 343 466 apparet.
360 386 428 454 132.
451 383 585 446 'Gontro1
606 393 635 446 in
649 405 680 445 ea
700 382 853 459 ’iormu1a,²
874 405 943 462 quae
955 389 1099 463 publicano
1114 408 1176 466 pro·

159 459 177 496 “
191 465 208 495 ⁸·
223 467 364 549 ponitur,³
383 474 444 531 talis
460 483 501 530 est
517 473 606 546 fictio,
630 481 661 529 ut
682 481 780 547 quanta
797 473 913 546 pecunia
936 472 1009 544 olim,
1033 476 1057 530 si
1078 476 1176 548 pignus

222 567 329 633 captum
344 568 428 627 esset,
448 558 475 614 id
490 560 589 632 pignus
604 559 637 629 is,
659 574 674 612 a
690 573 744 630 quo
759 563 866 630 captum
882 564 950 629 erat,
964 557 1041 613 luere
1057 558 1175 629 deberet,

221 651 320 699 tantam
338 645 477 717 pecuniam
492 641 696 698 condemnetur.
739 636 789 697 33.
811 639 888 695 Nulla
904 647 993 697 autern
1012 641 1129 698 formula
1144 641 1176 697 ad

222 727 401 784 condictionis
422 726 558 782 fictionem
580 726 751 798 exprimitur:
779 725 838 779 siue
859 725 931 779 enim
956 726 1095 797 pecuniam
1118 726 1175 781 siue
1183 728 1236 784 [²²⁵]

221 826 278 866 rem
300 812 415 885 aliquem
431 819 532 866 certam
553 809 671 865 debitam
685 807 764 863 nobis
780 816 917 881 petamus,
940 824 997 863 eam
1019 811 1105 882 ipsam
1119 808 1176 866 dari

221 894 300 950 nobis
316 902 445 969 oportere
459 892 639 961 intendimus;
655 908 706 949 nec
720 892 801 948 ullam
815 890 986 965 adiungimus
997 892 1177 948 condictionis

221 976 373 1045 fictionem3
396 980 486 1050 itaque
509 975 588 1032 simul
610 976 807 1049 intellegimus,
835 992 881 1030 eas
902 974 1049 1046 formulas,
1077 975 1175 1049 quibus

220 1061 359 1133 pecuniam
382 1067 428 1114 aut
450 1076 508 1114 rem
528 1060 644 1131 aliquam
660 1058 738 1114 nobis
754 1053 839 1115 'dare¹⁴
859 1067 987 1133 oportere
1000 1058 1175 1132 intendimus,

220 1159 270 1198 sua
284 1143 312 1198 ui
327 1159 357 1198 ac
372 1150 506 1215 potestate
516 1142 622 1211 ualere3
638 1141 757 1198 eiusdem
773 1151 884 1198 naturae
894 1151 959 1198 sunt
970 1140 1091 1200 actiones
1103 1160 1175 1199 com·

221 1226 331 1298 modati,
352 1224 474 1299 fiduciae,
489 1228 662 1299 negotiorum
678 1234 818 1299 gestorum
833 1234 860 1281 et
877 1225 944 1282 aliae
958 1225 1174 1284 innumerabiles.

282 1305 332 1366 34.
348 1309 482 1368 Habemus
496 1311 584 1367 adbuc
597 1303 739 1366 ’alterius⁵
758 1312 867 1383 generis
882 1307 1005 1366 fictiones
1019 1313 1049 1366 in
1064 1310 1173 1383 quibus·

221 1395 279 1449 dam
295 1394 434 1464 formulis,
456 1394 531 1451 uelut
551 1411 611 1452 cum
630 1395 670 1468 is,
692 1394 739 1468 qui
760 1410 793 1448 ex
813 1394 901 1450 edicto
917 1392 1052 1450 bonorum
1066 1410 1175 1466 posses·

220 1479 323 1533 sionem
340 1479 429 1550 petiit,
451 1477 514 1535 ficto
530 1495 559 1535 se
573 1478 674 1534 herede
688 1479 758 1551 agit:
781 1478 926 1533 cumcuim
942 1479 1078 1550 praetorio
1095 1477 1174 1550 iure,

220 1552 287 1616 scd6
306 1577 360 1617 non
386 1561 521 1636 legitimo,
547 1562 673 1617 succedat
694 1563 723 1617 in
744 1560 833 1616 iocum
855 1559 989 1631 defuncti,
1018 1576 1074 1617 non
1094 1560 1175 1617 habet

219 1644 336 1700 directas
351 1647 481 1715 actiones,
496 1655 524 1701 et
539 1661 626 1718 neque
647 1645 685 1714 id,
706 1643 779 1718 quod
800 1643 919 1700 defuncti
940 1644 1006 1714 init,
1028 1652 1120 1717 potest
1133 1646 1174 1700 in·

221 1728 331 1784 tendere
346 1746 424 1785 suum
437 1744 508 1799 csse,
525 1744 618 1801 neque
631 1731 668 1799 id,
686 1729 762 1802 quod
772 1728 796 1784 ei
808 1726 964 1797 debebatur,
979 1736 1072 1801 potest
1085 1729 1175 1783 inten-

219 1811 283 1868 dere
309 1808 396 1888 (dari)
422 1812 472 1869 sibi
498 1821 642 1887 oportere;
668 1814 758 1885 itaque
783 1809 848 1867 ficto
869 1828 899 1867 se
927 1811 1027 1867 herede
1049 1812 1175 1882 intendit,

219 1895 295 1951 uelut
317 1897 370 1953 hoc
391 1897 486 1953 modo:
509 1913 606 1956 rvnnx
619 1911 710 1954 nere.
748 1909 777 1952 er
796 1910 895 1953 Arnus
911 1910 1060 1966 Acnruvs,
1083 1896 1111 1950 id
1133 1903 1176 1952 est

217 1980 276 2053 ipse
296 1989 384 2049 actor,
405 1996 492 2039 trono
508 1997 589 2038 riano
609 1996 829 2048 Hennensem,
847 1996 911 2036 reru
931 1994 961 2036 er
974 1995 1111 2048 rvunrnr,
1132 1996 1174 2037 nu

218 2120 277 2162 erat
293 2111 320 2162 S.
342 2112 370 2173 Q.
385 2112 412 2164 S.
430 2112 456 2165 S.
476 2112 509 2161 E.
527 2112 554 2173 Q.
574 2111 632 2176 (V.)
651 2112 674 2161 I.
691 2111 721 2159 Ν.
736 2110 763 2161 S.
779 2111 810 2160 lt.
825 2111 856 2160 Ε.
871 2111 906 2160 Η.
922 2111 954 2160 Ι..
971 2111 1001 2160 N.
1018 2111 1049 2160 R.
1069 2112 1174 2176 (Valer.

220 2183 297 2233 Proh.
311 2182 333 2246 a)
351 2185 405 2232 ciue
424 2184 493 2246 qood
510 2198 554 2231 eae
573 2184 638 2246 lepis
656 2183 771 2231 notiones
786 2184 945 2247 peneruiiter
958 2185 1131 2242 contulerant,
1151 2190 1177 2233 et

218 2253 282 2300 baec
295 2268 329 2300 an
345 2254 409 2316 lepis
423 2254 492 2302 aetio
507 2259 580 2311 esset,
595 2251 790 2318 quaerebatur),
804 2253 851 2301 aed
864 2259 889 2302 et
898 2254 926 2301 in
935 2253 976 2302 bia
990 2255 1077 2302 causis
1090 2256 1175 2303 solere

218 2322 330 2371 domines
348 2328 445 2370 tantum
463 2328 509 2369 aut
527 2323 599 2370 ciuili
616 2325 684 2371 uelut
702 2324 799 2371 venditi
816 2325 855 2372 oei
873 2324 954 2372 locati
971 2329 1017 2372 aut
1035 2325 1176 2387 praetoria

215 2391 330 2453 formula
349 2393 399 2449 uti,
418 2407 483 2456 quae
501 2392 537 2440 ad
554 2393 619 2457 lepis
636 2394 762 2442 actionem
785 2407 911 2456 expressa
929 2401 1002 2443 esset.
1038 2393 1177 2445 Eiusmodi

218 2475 279 2509 cero
299 2460 428 2523 formulas
450 2464 526 2511 etiam
548 2465 696 2513 necessario
714 2470 862 2526 praetorem
885 2470 946 2525 post
970 2463 1085 2513 sublatos
1108 2466 1176 2530 lepis

218 2532 333 2581 notiones
350 2534 377 2581 in
396 2533 437 2582 itis
456 2535 542 2583 causis
560 2534 673 2591 dedisse,
694 2535 722 2582 in
740 2533 832 2597 quibus
850 2534 1010 2596 antiquiores
1032 2536 1101 2598 leges
1121 2550 1175 2584 non

217 2601 397 2666 obligationem
410 2601 489 2668 (uelut
502 2604 542 2653 itio
552 2603 651 2653 uerbis:
664 2604 729 2652 dore
743 2603 839 2661 debete,
854 2604 961 2653 damnas
971 2603 1034 2668 ecto)
1048 2605 1095 2653 sed
1108 2607 1176 2670 lepis

217 2678 314 2721 tantum
328 2676 453 2724 ontionem
467 2676 653 2725 constituerant
666 2675 718 2739 (coc.
727 2690 767 2738 pr.
778 2675 818 2735 §5-
832 2685 866 2724 ea.
881 2675 926 2739 24).
950 2675 1036 2737 itaque
1051 2690 1105 2723 eom
1119 2691 1177 2725 rem

217 2743 260 2792 bie
273 2747 404 2807 exposuit,
419 2747 493 2795 cuius
508 2760 586 2794 consa
600 2745 636 2793 ad
648 2745 831 2806 explicandum
840 2745 1043 2808 lepisactionum
1053 2747 1094 2794 ius
1104 2748 1127 2808 ξ,
1139 2759 1174 2797 lc.

216 2815 350 2878 diocesano
367 2823 432 2865 erat.
507 2811 526 2879 ¹)
546 2813 613 2880 (con)
628 2829 679 2877 per
697 2821 781 2863 notoni
799 2815 901 2863 adiecta
920 2822 930 2862 t
952 2811 1003 2862 Vii.
1032 2816 1091 2863 item
1113 2817 1176 2866 edd.

219 2880 324 2950 ¹)iorma
336 2885 362 2936 0.
373 2886 429 2934 edd.
450 2884 508 2934 Vid.
519 2884 640 2934 Zeitscbr.
649 2885 672 2947 f.
681 2885 766 2949 pescli.
779 2884 802 2933 Ii
809 2884 849 2935 W.
863 2884 940 2934 XIV.
947 2899 975 2947 p.
987 2897 1032 2936 288.
1098 2882 1120 2950 ⁸)
1136 2889 1177 2936 ita

216 2969 266 3013 sc,
279 2957 305 3004 si
318 2971 368 3005 non
383 2971 400 3005 n
413 2957 511 3005 volente
520 2957 618 3020 pipinus
632 2957 771 3017 acceperit,
788 2970 836 3019 quo
849 2962 968 3018 spectare
982 2955 1103 3004 videntur
1120 2956 1176 3010 Oto.

222 3023 298 3074 Verr-
313 3037 333 3088 e,
348 3038 382 3076 11.
401 3029 424 3087 ἕ.
437 3037 470 3076 at.
485 3025 576 3074 uerbo:
592 3022 757 3088 ‘publicanus
769 3027 864 3087 petitor
878 3032 932 3074 out
940 3026 1106 3091 pipnerator,
1121 3043 1176 3077 non

217 3102 320 3158 ereptor
338 3111 418 3160 neque
431 3092 586 3159 possessor)
661 3091 683 3160 ⁴)
702 3096 759 3143 dare
779 3095 804 3144 C.
824 3096 863 3144 ed.
880 3095 929 3161 Bp.
1002 3093 1024 3161 ⁶)
1039 3111 1054 3144 a
1072 3097 1178 3147 addunt

215 3165 314 3214 Biobm.
329 3165 421 3215 Sobed.
495 3163 608 3230 ⁶)ir1rees
623 3166 649 3215 0.

287 3285 312 3356 §-
327 3291 370 3339 32.
391 3289 428 3352 Cf.
444 3290 483 3352 ἐξ.
499 3301 532 3340 10.
547 3300 581 3340 28.
602 3288 656 3338 Nec
670 3304 735 3353 quae
749 3290 776 3337 in
790 3287 822 3336 L.
835 3299 854 3338 2.
868 3290 892 3349 ξ.
902 3299 935 3339 tto.
955 3289 988 3336 D.
1001 3290 1027 3338 oi
1041 3288 1090 3339 don
1102 3299 1176 3355 rapt.

217 3356 262 3421 (et,
276 3358 299 3423 8)
314 3366 523 3409 commemorator
537 3361 643 3422 pecoris
661 3358 794 3416 obductio,
809 3359 928 3421 potanda
947 3366 985 3408 ert
998 3375 1049 3423 per
1063 3367 1179 3411 ueterem

211 3429 334 3491 pignoris
348 3431 489 3491 captionem
499 3430 574 3492 fucta
588 3444 649 3480 esse.
709 3425 734 3496 ξ.
750 3432 791 3479 33.
813 3429 851 3492 Of.
865 3444 947 3492 supro
961 3431 1001 3491 ἐξ.
1016 3443 1050 3483 18.
1066 3443 1100 3482 la.

216 3492 241 3562 §-
256 3499 298 3546 34.
320 3497 358 3559 Of.
372 3509 393 3559 ε,
407 3511 442 3561 ae,
456 3512 489 3550 er.
508 3511 591 3561 4,111.
614 3515 696 3550 mnnx
714 3497 788 3565 nero]
804 3500 838 3562 ef.
853 3500 892 3561 §i-
912 3511 945 3552 co.
964 3512 998 3552 aa.
1017 3512 1052 3552 er.
1068 3514 1115 3554 rec.
1137 3513 1177 3555 ec.

218 3565 269 3613 Cic.
290 3565 365 3614 Verr.
380 3567 417 3616 II.
433 3580 454 3630 a,
469 3581 501 3618 12.
517 3571 540 3630 ξ.
555 3581 588 3621 ³1.
606 3570 666 3619 Leoe
681 3570 760 3620 Rubr.
776 3585 797 3621 c.
812 3581 845 3620 20.
