2609 3942
182 174 247 237 204
481 189 539 225 om
555 189 651 225 nesam.
669 171 690 225 L
709 176 850 239 128-131.

184 329 290 386 obitum
305 333 356 386 aaa·
368 331 396 385 in
412 332 502 401 patris
515 329 558 383 sui
573 335 709 401 potestate
724 325 810 394 hunt3
832 329 855 383 si
870 344 937 384 nero
953 331 988 392 is,
1005 347 1060 403 quo
1075 338 1145 387 tem·

183 430 251 487 pore
265 430 335 469 auos
350 416 475 484 moritur,
490 421 536 467 aut
552 412 602 467 iam
617 419 744 467 mortuas
759 417 865 467 estaol
878 414 943 467 exiit
958 413 991 469 de
1005 423 1145 487 potestate

184 496 300 568 (patris,
316 503 384 554 tane
398 498 438 568 bi,
453 499 522 569 qaia
537 499 567 551 in
580 495 761 566 potestatem)
777 497 834 550 eius
846 495 941 551 eadere
951 514 1007 552 non
1017 506 1145 570 possunt,
1160 510 1218 565 trent

130 578 172 630 34.
185 582 228 636 sui
242 582 310 636 iuris
325 579 404 636 liunt.
431 577 498 639 128.
512 576 579 636 Cum
593 572 598 656 Ι
611 588 700 634 autem
712 581 746 649 is,
762 579 805 634 oui
818 578 852 634 ob
864 578 972 653 aliquod
984 580 1144 639 maleficium

183 662 225 720 'ex
245 665 307 738 lege
327 662 439 736 (aliqua
454 667 535 720 aetat
549 679 588 719 ex
605 661 679 736 iope)
693 656 830 718 Cornelia¹
851 679 919 735 aqua
939 672 967 720 et
986 665 1045 738 igni
1061 665 1146 721 inter·

183 748 292 819 dieitur,
307 750 444 825 ciuitatem
455 748 601 802 Romanam
613 748 730 816 amittat,
746 748 878 818 sequitur,
893 754 925 803 ut
937 749 1003 820 quia
1016 765 1049 804 eo
1061 750 1144 806 modo

183 848 216 887 er
230 847 343 887 numero
359 833 458 888 ciuium
473 829 654 885 Romanorum
670 830 785 905 tollitur,
808 829 922 902 proinde
937 848 969 887 ae
983 840 1093 888 mortuo
1109 849 1143 889 eo

183 914 307 971 desinant
326 913 403 969 liberi
422 914 450 968 in
471 920 608 986 potestate
622 915 681 969 eius
696 931 770 969 esse:
791 929 842 969 nee
857 914 928 968 enim
943 917 1013 970 ratio
1028 918 1144 989 patitur,

183 1006 214 1052 ut
229 999 388 1071 peregrinae
403 997 568 1053 condicionis
588 997 671 1052 homo
690 999 777 1053 ciuem
791 997 940 1053 Romanum
959 1000 987 1054 in
1006 1007 1145 1071 potestate

183 1080 288 1136 habeat.
319 1082 377 1154 pari
391 1082 496 1136 ratione
508 1089 536 1136 et
550 1082 573 1135 si
584 1079 618 1149 ei,
636 1082 683 1153 qui
697 1082 724 1134 in
736 1088 873 1154 potestate
884 1083 1004 1154 parentis
1013 1084 1058 1146 sit,
1073 1099 1144 1156 aqua

183 1172 211 1218 et
225 1165 283 1238 igni
297 1164 470 1220 interdictum
489 1164 581 1233 luerit,
600 1164 701 1219 desinit
718 1166 746 1219 in
767 1172 903 1237 potestate
928 1168 1049 1236 parentis
1071 1182 1144 1236 esse,

184 1249 246 1320 qnia
261 1264 346 1322 aeque
359 1250 428 1304 ratio
444 1263 499 1304 non
514 1249 625 1321 patitur,
649 1256 680 1302 ut
695 1250 858 1321 peregrinae
876 1247 1044 1305 condicionis
1059 1251 1142 1306 homo

182 1333 210 1387 in
240 1338 377 1405 potestate
412 1334 447 1388 sit
481 1333 547 1387 ciuis
574 1331 686 1387 Romani
714 1333 843 1403 parentis.
885 1328 951 1389 129.
979 1332 1081 1399 Quodsi
1109 1333 1143 1388 ab

182 1415 307 1471 hostibus
330 1425 426 1489 eaptus
448 1415 532 1471 luerit
554 1430 666 1488 parens,
689 1416 812 1488 quamuis
827 1429 926 1470 seruus
940 1416 1060 1472 hostium
1082 1415 1140 1486 liat,

182 1505 270 1553 tamen
294 1499 396 1572 pendet
419 1500 463 1554 ius
485 1497 632 1554 liberorum
661 1506 775 1571 propter
801 1500 843 1553 ius
864 1499 1040 1572 postliminii,
1062 1495 1143 1573 'quo²

182 1581 225 1652 hi,
248 1583 295 1654 qui
309 1581 341 1636 ab
356 1581 480 1638 hostibus
495 1583 565 1655 eapti
587 1590 660 1653 sunt,
683 1582 706 1636 si
727 1584 830 1637 reuersi
845 1582 955 1652 inerint,
979 1586 1072 1639 omnia
1087 1586 1144 1657 pri·

181 1666 252 1721 stina
266 1666 324 1721 iura
339 1667 486 1739 recipiunt;
507 1667 599 1739 itaque
620 1681 749 1722 reuersas
771 1665 879 1722 habebit
898 1666 999 1723 liberos
1020 1669 1049 1723 in
1064 1677 1144 1740 pote·

181 1757 265 1805 state:
288 1750 311 1805 si
326 1766 393 1806 uero
408 1750 464 1806 illie
477 1758 603 1806 mortuus
618 1751 668 1821 sit,
689 1758 770 1805 erunt
786 1750 894 1823 quidem
910 1748 986 1805 liberi
1001 1752 1043 1805 sui
1057 1752 1141 1820 iuris;

181 1833 229 1888 sed
245 1841 335 1889 utrum
351 1851 384 1891 ex
398 1835 451 1890 hoo
465 1843 598 1908 tempore,
621 1850 677 1907 quo
692 1842 818 1890 mortuas
834 1842 877 1889 est
897 1833 968 1906 apud
986 1834 1080 1890 hostes
1094 1851 1142 1908 pa·

181 1932 255 1988 rens,
271 1934 305 1972 an
320 1935 352 1974 er
366 1918 423 1987 illo,
448 1934 502 1990 quo
519 1917 551 1973 ab
566 1916 692 1972 hostibus
707 1925 801 1989 eaptus
823 1927 880 1988 est,
902 1917 1018 1973 dubitari
1037 1926 1139 1991 potest.

182 2001 240 2074 ipse
255 2017 365 2075 quoqne
380 2000 450 2055 filius
465 2016 586 2072 neposue
607 2001 630 2054 si
645 1998 677 2053 ab
692 1998 817 2054 hostibus
837 2008 932 2074 eaptus
951 2001 1045 2071 luerit,
1067 2003 1142 2057 simi·

181 2084 243 2141 liter
254 2085 384 2155 dicemus,
400 2091 513 2157 propter
522 2084 565 2137 ius
575 2082 737 2155 postliminii
749 2090 913 2157 potestatem
924 2101 1033 2158 quoque
1044 2101 1141 2159 paren-

182 2170 216 2223 tis
232 2170 258 2222 in
274 2182 408 2239 suspenso
423 2181 493 2224 esse.
520 2161 589 2222 180.
601 2166 744 2221 Praeterea
755 2176 855 2223 exeunt
865 2167 943 2224 liberi
955 2169 1046 2224 uiriles
1058 2186 1139 2225 senus

130 2250 172 2299 ao.
184 2251 217 2306 de
231 2251 351 2321 parentis
362 2256 508 2322 potestate,
524 2252 547 2304 si
559 2248 678 2305 flamines
689 2249 774 2306 Diales
785 2252 993 2323 inaugurentur,
1008 2260 1036 2308 et
1047 2245 1051 2330 Ι
1064 2253 1142 2308 lemi-

182 2334 238 2388 niui
253 2348 344 2403 sexus,
360 2334 383 2387 si
397 2333 520 2406 uirgines
532 2333 651 2389 Vestales
663 2335 813 2406 capiantur.
839 2331 901 2392 131.
914 2334 981 2391 Olim
996 2330 1141 2408 ’quidem,³

183 2433 237 2489 quo
258 2424 380 2489 tempore
399 2416 516 2489 populus
536 2416 671 2473 Romanus
692 2420 721 2473 in
742 2417 849 2473 Latinas
872 2420 999 2492 regiones
1021 2420 1140 2476 colonias

182 2498 339 2571 deducebat,
356 2494 410 2576 (et)
428 2502 474 2574 qui
488 2502 565 2557 iussu
578 2503 697 2575 parentis
713 2503 740 2557 in
760 2502 892 2559 coloniam
907 2502 1027 2558 Latinam
1041 2520 1140 2559 nomen

181 2577 347 2654 dedissent,⁴
361 2584 519 2641 desinebant
533 2586 560 2641 in
575 2594 710 2658 potestate
719 2588 850 2657 parentis
866 2603 941 2655 esse,
964 2588 1027 2659 quia
1050 2586 1140 2643 ellioe·

254 2738 274 2808 ¹)
294 2742 340 2791 Etr
363 2739 420 2802 W,
437 2745 484 2793 sed
502 2744 650 2793 necessario
668 2745 818 2807 suppletam.
851 2744 949 2806 exlege
968 2745 1061 2807 poenali
1080 2745 1138 2794 edd.

176 2815 263 2877 prior.
281 2815 421 2864 seeundum
441 2813 532 2864 Gdseh.
550 2812 667 2862 Schedas
685 2821 825 2863 correctas.
887 2810 909 2879 ²)
924 2815 979 2877 quia
992 2814 1056 2864 last.
1075 2816 1140 2878 quod

185 2880 238 2944 Vbi,
251 2886 298 2934 sed
310 2892 339 2934 at
348 2892 413 2948 puto
427 2892 488 2934 nota
502 2898 620 2933 erronea.
699 2879 721 2949 8)
736 2900 775 2947 qq.
797 2884 822 2932 0.
846 2880 891 2932 V⁸t
908 2883 966 2950 (aed
978 2900 1030 2948 pra
1049 2885 1092 2948 qd,
1111 2892 1140 2934 at

175 2963 256 3018 pata·
270 2957 304 3019 es.
320 2969 341 3018 1,
356 2952 415 3020 15⁷).
443 2969 537 3018 quoque
551 2955 623 3011 edd,
642 2954 712 3018 qaod
724 2970 775 3004 aaa
789 2962 827 3003 est
840 2955 917 3004 haias
931 2957 989 3004 toci.
1058 2952 1079 3019 4)
1093 2955 1140 3004 Ex

185 3022 230 3075 W
238 3029 336 3090 partim
351 3029 383 3089 ej.
397 3026 445 3074 sed
457 3032 530 3074 certa
543 3025 682 3075 seeundum
695 3023 785 3088 Sappl.
798 3024 836 3074 St.
847 3041 875 3089 p.
894 3025 987 3074 XXV.

249 3163 274 3235 ς.
292 3167 429 3227 128.=§.
440 3176 460 3214 1.
479 3164 550 3216 Lib.
572 3165 610 3228 Os.
634 3164 689 3229 Utp.
705 3178 739 3226 ιο,
755 3177 775 3216 s.
825 3162 1045 3234 §.129.=§.s.
1066 3166 1138 3216 Lib.

180 3237 218 3300 Os.
239 3237 378 3301 Utp.1o,t.
407 3235 510 3285 dubitari
523 3233 614 3302 potest]
632 3236 657 3285 0.
674 3236 749 3284 Paul.
765 3248 787 3297 s,
801 3247 834 3287 itt.
855 3238 878 3298 ὅ.
889 3249 909 3286 1.
929 3236 960 3284 L.
972 3248 1005 3286 12.
1025 3238 1048 3297 §-
1064 3249 1083 3286 1.
1104 3236 1137 3287 L.

178 3319 212 3358 ιε.
231 3307 263 3355 L.
282 3317 316 3356 m.
336 3309 359 3369 §-
378 3317 399 3356 a
418 3306 451 3354 D.
470 3307 614 3370 deceptio.
634 3304 683 3370 (eo,
698 3305 742 3369 15).
805 3302 831 3374 ξ.
851 3309 909 3356 130.
930 3306 969 3370 Os.
993 3306 1048 3369 rap.
1068 3318 1101 3368 ιο,
1117 3318 1138 3357 5.

179 3377 252 3439 infra
266 3378 289 3436 §-
305 3388 351 3427 145.
371 3388 392 3438 s,
406 3388 454 3427 114.
477 3376 558 3427 Tacit.
570 3377 602 3425 A.
617 3387 683 3439 t,1tt.
706 3374 768 3424 aea
780 3388 845 3436 1,12.
871 3377 1006 3426 Plutarch.
1018 3375 1138 3428 Num.1o.

177 3443 204 3564 Ξ.
221 3446 279 3496 131.
296 3446 334 3509 Os.
353 3446 404 3495 Oia.
415 3461 467 3507 pro
484 3447 556 3496 Gaea.
572 3458 605 3497 tte.
620 3458 655 3498 st.
670 3461 722 3508 pra
741 3445 823 3496 Baldo
837 3459 933 3498 11-13.
948 3462 1000 3511 pro
1015 3448 1088 3498 domo
1101 3459 1138 3499 30.

202 3516 267 3565 aeth.
282 3517 310 3564 ia
328 3515 389 3578 Tap.
403 3527 424 3565 4.
439 3530 468 3578 p.
482 3527 521 3567 soa
536 3515 606 3566 Bait.
