2609 3942
166 173 230 239 302
462 187 524 222 uun
542 186 636 221 norm.
653 168 702 221 HL
721 175 831 222 70-72.

168 329 243 386 aulos
262 327 362 384 liberos
377 321 429 384 er¹
446 327 621 401 idisparihua
635 327 756 401 partibus
771 337 906 402 patronus
919 331 1043 384 heredes
1056 333 1126 387 reli·

166 417 270 487 querit,
291 414 369 485 quud
384 430 440 483 pro
459 412 645 476 helreditariis
662 414 810 484 partitus,
832 430 889 470 non
914 431 970 484 pro
991 416 1126 470 mulidus

103 513 156 561 145,
168 500 242 553 hono
256 496 355 552 Latini
365 488 475 573 peltant
489 497 521 551 ad
537 513 584 551 eos
600 499 746 568 pertinere,
761 497 823 569 quia
834 495 910 552 nullo
924 498 1126 554 interueniente

167 588 295 637 extraneo
313 580 413 636 herede
434 588 543 636 senatus
569 580 696 635 consulto
722 579 798 635 loeus
823 596 878 635 uon
904 588 957 636 est
1000 575 1047 637 7⁰.
1073 581 1125 637 Set

167 666 273 720 aluum
294 662 386 719 liheris
408 666 464 719 auia
486 666 565 720 etiam
588 672 744 719 extraneum
759 664 885 719 heredem
907 671 1040 736 patronus
1061 664 1124 720 reli-

167 749 272 822 querit,
294 747 405 804 Cueliua
420 747 534 803 Sabinus
549 748 602 818 ait,
624 755 682 802 tota
698 747 768 802 hona
786 763 837 820 pro
859 747 982 803 uirilibus
1000 748 1123 821 partihus

167 832 199 887 ad
214 830 314 887 liberos
329 830 449 886 deluneti
463 833 608 903 pertinere,
631 832 694 904 quia
709 848 769 889 eum
784 839 929 887 extraneus
944 831 1025 886 heres
1040 835 1123 888 iuter-

166 917 258 985 uenit,
280 929 336 970 nou
357 914 437 969 hahet
458 913 501 969 lex
522 914 596 969 lunia
618 913 725 986 locum,
749 915 798 971 sed
820 923 929 970 senatus
951 914 1122 989 consultum3

165 997 308 1053 Iauolenus
323 1004 413 1051 autem
428 998 482 1068 ait,
503 1005 608 1052 tantum
623 1014 681 1053 eam
701 1007 803 1071 partem
821 1014 853 1053 ex
868 1006 979 1053 senatus
994 1000 1122 1055 oousulto

165 1078 267 1137 liberos
291 1082 398 1153 patroni
422 1097 473 1153 pro
498 1080 621 1135 uirilibus
640 1082 764 1154 partibus
784 1080 924 1137 habituros
943 1099 1019 1154 esse,
1041 1099 1121 1155 quam

166 1165 286 1219 extranei
307 1163 421 1219 heredes
441 1172 504 1219 ante
523 1173 633 1220 senatus
653 1165 808 1221 consultum
828 1165 890 1239 lege
909 1166 983 1221 lunia
1005 1166 1121 1222 habituri

166 1256 274 1319 esseut,
295 1247 413 1320 reliquas
433 1264 501 1303 uero
521 1255 612 1321 partes
631 1265 682 1322 pro
701 1249 868 1304 hereditariis
888 1249 1010 1322 partihus
1025 1250 1057 1304 ad
1073 1267 1121 1305 eos

165 1333 311 1405 pertinere,
346 1326 388 1388 ’IL
410 1331 475 1387 ltem
491 1334 647 1405 quaeritur,
672 1348 704 1387 an
719 1333 773 1388 hoe
790 1334 1069 1389 senatusconsultum
1085 1334 1118 1388 ad
1133 1345 1187 1397 {aaa}

165 1431 213 1470 eos
228 1416 337 1489 putronl
351 1414 453 1471 liheros
468 1416 610 1488 pertineat,
627 1417 673 1490 qui
688 1432 720 1471 ex
735 1414 788 1471 lilia
799 1425 916 1489 nepteue
930 1424 1119 1489 procreantur,

164 1498 264 1567 idest,
284 1506 316 1553 ut
330 1514 416 1571 nepos
430 1515 505 1554 meus
520 1515 552 1554 er
574 1497 626 1555 filiu
646 1501 738 1572 potior
757 1502 794 1555 sit
814 1501 841 1555 in
861 1499 939 1554 honis
961 1498 1047 1556 Latini
1068 1502 1121 1556 mei

166 1597 246 1654 quam
266 1589 409 1637 extraneus
429 1582 524 1651 heres3
548 1584 613 1638 item
634 1577 700 1663 (an)
725 1584 758 1638 ad
780 1592 915 1639 maternos
936 1583 1045 1639 latinos
1066 1585 1121 1640 huo

165 1672 275 1722 uenatus
289 1665 443 1721 consultum
457 1668 604 1739 pertineat,
619 1668 772 1741 quaeritur,
786 1666 813 1722 id
828 1676 881 1738 est,
898 1675 930 1722 ut
943 1669 970 1722 iu
982 1668 1060 1723 honis
1072 1668 1121 1724 La·

164 1750 215 1805 tini
229 1750 342 1805 materni
361 1751 453 1823 potior
474 1752 510 1806 sit
531 1759 660 1823 patronae
682 1749 752 1809 lilius
774 1766 854 1823 quam
875 1751 955 1806 heres
976 1759 1121 1807 extraneus

166 1834 268 1893 matris.
305 1832 397 1889 (laurio
412 1833 525 1908 placuit,
541 1843 659 1908 utroque
674 1851 737 1890 casu
751 1833 841 1890 locum
856 1850 916 1890 esse
930 1844 1041 1890 senatus
1055 1850 1121 1890 eon·

165 1916 256 1984 aulto3
272 1917 319 1972 sed
336 1917 417 1972 huius
432 1919 591 1974 seutentiam
606 1918 729 1991 plerique
749 1918 910 1989 inprobant,
932 1918 994 1991 quia
1008 1927 1121 1973 senatus

165 1999 199 2055 de
214 2000 256 2056 his
270 2000 362 2056 liheria
376 1994 545 2073 ’parentum2
559 2000 625 2056 nihil
641 2003 749 2071 sentiat,
768 2003 815 2074 qui
833 2000 910 2056 aliam
930 2000 1054 2057 familiam
1077 2018 1122 2057 se·

165 2092 329 2157 querentur3
351 2083 432 2156 idque
447 2100 480 2139 ex
495 2099 527 2138 eo
543 2084 664 2156 adparet,
684 2084 757 2155 quod
772 2086 928 2140 nominatim
943 2084 1122 2141 exheredatos

165 2175 336 2240 summouet3
357 2182 417 2221 nam
432 2165 542 2221 uidetur
561 2164 594 2221 de
615 2167 657 2222 his
672 2169 785 2237 sentire,
809 2170 854 2241 qui
874 2168 1030 2223 exheredari
1045 2185 1059 2223 a
1074 2186 1122 2243 pa·

165 2258 244 2305 rente
257 2249 358 2319 solent,
380 2251 404 2303 si
419 2248 532 2305 heredes
546 2264 601 2304 uon
621 2251 814 2318 instituantur3
834 2267 923 2323 neque
937 2260 1026 2307 autem
1042 2253 1120 2307 matri

100 2332 156 2382 146.
166 2330 250 2387 lilium
263 2330 390 2401 liliamue,
400 2348 490 2403 neque
500 2348 551 2388 auo
565 2327 569 2404 l
582 2341 703 2389 materno
715 2343 841 2407 nepotem
855 2341 1009 2407 neptemue,
1024 2336 1046 2390 si
1058 2352 1120 2391 eum

165 2430 258 2471 eamue
274 2413 401 2470 heredem
414 2431 469 2471 uon
485 2417 625 2489 instituat,
641 2417 804 2473 exheredare
820 2434 930 2474 necesse
945 2426 998 2489 est,
1012 2421 1072 2474 siue
1086 2419 1122 2474 de

164 2499 224 2554 iure
237 2498 311 2554 oiuili
327 2515 502 2572 quaeramus,
517 2499 578 2557 siue
589 2501 622 2557 de
633 2501 722 2557 edicto
737 2504 880 2574 praetoris,
896 2518 950 2574 quo
965 2505 1122 2574 praeteritis

163 2582 256 2638 liberie
267 2588 363 2663 contra
375 2583 476 2640 tabulas
488 2587 640 2641 testamenti
652 2584 786 2640 honorum
798 2587 936 2657 possessio
941 2587 1120 2658 promittitur.

227 2661 273 2723 ⁷2.
296 2666 444 2739 Aliquando
465 2661 584 2724 lumeni
603 2670 670 2724 einis
691 2667 823 2723 Romanus
848 2668 963 2724 libertus
985 2678 1120 2742 tamquam

163 2783 271 2832 adonem
288 2783 381 2832 deinde
399 2785 486 2832 mutim
503 2785 551 2845 §ua
566 2795 599 2834 m.
619 2784 753 2846 excepisse
770 2783 880 2831 uidetur.
895 2810 927 2818 —
943 2782 988 2831 ua
997 2785 1120 2847 pauculia

164 2853 261 2915 uerhia,
280 2869 345 2917 quae
358 2852 431 2903 Sido
445 2855 473 2902 iu
483 2869 511 2916 p.
526 2865 573 2903 144.
587 2855 724 2916 superiore
737 2855 822 2917 tepere
835 2854 952 2917 innupte,
966 2855 1065 2916 partim
1080 2856 1120 2902 in·

165 2925 252 2983 certia,
266 2925 335 2973 uelut
347 2939 370 2973 u.
385 2935 405 2974 u.
422 2960 428 2972 .
443 2959 449 2972 .
464 2924 526 2972 hune
537 2923 600 2971 euim
610 2924 687 2972 solum
702 2959 708 2971 .
724 2959 730 2971 .
746 2960 752 2972 .
767 2939 789 2972 u.
804 2934 825 2974 u.
841 2958 847 2971 .
863 2959 869 2971 .
885 2923 996 2972 cluuilias
1010 2925 1034 2971 in
1048 2924 1120 2972 honis

164 2992 316 3061 lutino(rum)
331 3029 337 3042 .
353 3030 359 3043 .
375 3029 381 3040 .
396 3009 419 3042 u.
433 3004 454 3044 u.
469 2993 577 3057 queritur
595 3008 624 3041 an
643 2993 824 3044 exheredes...
839 3009 862 3042 o.
877 3005 910 3043 ta.
930 2994 977 3041 iam
990 3000 1118 3044 constat..

164 3080 187 3114 u.
202 3077 236 3117 lt.
252 3101 258 3114 .
273 3064 411 3127 dueposque
425 3063 487 3111 hona
502 3064 627 3112 latinorum
641 3080 665 3113 u.
680 3075 713 3114 ui.
724 3100 731 3111 .
742 3100 748 3110 .
759 3078 803 3111 nee
817 3063 846 3111 ah
863 3063 932 3111 alteri
943 3099 949 3111 .
961 3100 967 3112 .
978 3065 1014 3112 ad
1026 3079 1119 3112 eruen-

164 3135 224 3184 dum
237 3140 413 3199 argumentum
422 3148 574 3197 currumque
583 3136 711 3184 orationis
719 3133 889 3196 definiendum
900 3136 1016 3195 exceptio
1025 3135 1121 3196 primia

164 3204 281 3255 uereibua
294 3206 340 3254 uiro
353 3204 491 3268 quidquam
505 3203 576 3266 efflei
584 3211 677 3267 potent.
730 3200 750 3268 ¹)
765 3203 810 3252 Ex
824 3199 877 3261 W,
891 3204 959 3252 uude
972 3205 999 3251 in
1013 3219 1122 3268 nequen-

164 3275 233 3324 tibua
245 3277 418 3338 aupplenieuta
427 3276 509 3337 paulo
523 3276 645 3324 mutanda
653 3275 769 3337 fuerunt.
825 3269 847 3339 ¹)
861 3280 1013 3337 patronarum
1025 3274 1050 3323 0.
1061 3275 1122 3323 edd.

159 3352 269 3408 praeter
288 3344 337 3393 Kr.
352 3357 372 3395 u.
392 3346 437 3407 qui
455 3350 483 3392 ut
498 3345 595 3408 falsum
610 3348 737 3410 qlosaema
750 3346 819 3394 eicit.
851 3350 1005 3406 patronorum
1024 3360 1080 3393 mea
1098 3354 1119 3393 a.

165 3410 187 3479 ⁸)
203 3413 258 3463 Pro
268 3421 301 3462 tm
311 3414 410 3479 (lamen)
421 3415 522 3464 videtur
536 3416 612 3464 liniue
621 3417 674 3464 loci
682 3430 737 3464 eree
746 3421 829 3463 contra
843 3416 882 3463 oel
896 3415 974 3463 etiam.
1001 3414 1039 3478 Cf.
1050 3416 1073 3476 ὅ.
1084 3426 1119 3465 oa.

235 3511 261 3583 §-
277 3519 318 3567 72.
340 3518 378 3579 Cf.
393 3519 417 3578 ὅ.
431 3528 453 3566 4.
472 3518 494 3570 l.
510 3520 542 3568 de
555 3534 666 3569 auooeae.
681 3519 723 3568 lib.
738 3518 774 3584 (u,
789 3520 832 3583 t).,
849 3519 918 3567 Plio.
933 3535 971 3582 ep.
987 3531 1021 3581 10,
1035 3531 1057 3570 4.
1071 3530 1123 3570 lou.
