2609 3942
191 216 253 281 166
624 235 712 271 amvi.

187 356 1142 503 trutanniamititiuithntiuditarit

186 494 364 559 peritissimis
380 492 570 546 urmatonbus
582 507 678 546 omnia
694 494 813 561 contigit
824 507 943 546 servare,
973 492 1032 546 Nec
1044 498 1140 546 tamen

187 557 305 610 multum
323 558 398 612 ultra
409 558 546 613 decimam
557 562 667 628 partem
681 560 774 625 operis
785 560 903 623 interiit,
915 560 1020 613 etcum
1032 558 1140 637 aliquid

189 640 224 677 ex
242 625 405 690 Collations,
425 643 459 681 ex
471 626 631 679 Alariciana
642 626 781 694 Epitoma,
801 626 922 703 denique
940 642 974 680 ex
992 625 1141 681 iustiniani

187 691 412 748 Institutionibus
439 695 469 747 et
489 693 613 762 Digestis
639 694 733 761 potnit
757 694 898 757 resarciri,
924 694 986 747 tum
1011 693 1141 760 repetitis

187 761 311 813 virorum
330 762 475 814 doctorum
493 760 565 814 curis
583 759 715 813 effectum
733 761 785 825 est,
803 761 837 813 ut
853 760 909 813 iam
926 761 956 814 in
974 763 1071 814 nostra
1082 760 1140 814 edi·

185 827 263 880 tione
280 842 336 881 non
354 828 474 879 multum
491 827 565 880 ultra
585 827 769 882 tredecimam
810 829 900 881 artem
921 828 1025 898 integri
1046 827 1141 894 operis

187 893 369 1013 deffleretur,
381 894 460 947 cuius
471 894 595 947 iacturae
607 909 697 962 paene
710 895 780 948 dimi
801 895 857 948 'um
869 897 980 964 spectat
991 894 1027 948 ad
1036 894 1139 948 librum

187 975 226 1025 qu
271 977 327 1013 um.

253 1043 416 1098 Editionum
424 1044 545 1098 indicem
554 1045 802 1111 accuratissimum,
811 1046 916 1101 additis
925 1048 1011 1101 etiam
1020 1047 1139 1100 aliarum
1149 1053 1194 1103 [99]

187 1112 453 1165 commentationum
465 1111 565 1177 titulis,
582 1129 654 1181 quae
673 1113 709 1165 ad
728 1113 917 1168 emendandas
934 1114 980 1167 vel
997 1114 1140 1168 illustran-

102 1213 106 1220 -
187 1177 237 1232 das
250 1176 313 1232 Gaii
326 1179 518 1233 Institutiones
536 1179 650 1243 faciunt,
669 1179 858 1257 Boeckingius
876 1180 997 1235 confecit
1012 1181 1042 1234 in
1080 1196 1140 1235 rae·

186 1245 292 1299 satione
315 1262 383 1301 snae
407 1247 553 1311 editionis,
596 1263 633 1301 ua
653 1248 698 1300 ter
719 1249 842 1315 repetita
860 1249 1046 1325 (postremum
1086 1248 1140 1316 ips.

189 1316 272 1378 1855.)
294 1312 355 1382 ipss
378 1314 413 1367 de
431 1312 502 1367 Gaio
525 1315 555 1367 et
572 1263 687 1392 gaianis
705 1315 805 1369 studiis
829 1317 935 1392 optime
952 1315 1070 1369 meritus
1089 1322 1141 1368 est.

188 1378 264 1443 Quas
282 1383 347 1449 post
363 1381 436 1434 hanc
454 1381 514 1436 sola
530 1381 643 1449 prodiit,
656 1383 763 1435 inserta
781 1382 1004 1436 ‘institutionum
1017 1383 1047 1434 et
1058 1398 1141 1450 regu·

186 1446 276 1500 larum
297 1448 365 1501 iuris
386 1448 466 1504 Rom.
489 1449 683 1518 syntagmati’,
710 1465 728 1501 a
748 1449 821 1503 Rud.
844 1448 944 1502 Gneist
969 1448 1042 1516 Lips.
1067 1453 1141 1503 1858.

188 1513 273 1578 edito,
290 1531 342 1583 pro
359 1516 447 1568 totius
465 1516 530 1583 synt
597 1518 649 1570 atis
667 1516 776 1569 ratione
789 1516 933 1582 ceteroqui
944 1529 1018 1569 novo
1031 1530 1063 1567 ac
1076 1530 1141 1567 oon·

187 1581 262 1634 sulto
276 1582 392 1636 consilio
405 1582 535 1650 instituti,
561 1584 684 1637 actiones
695 1582 807 1651 magis(
828 1583 910 1635 artim
921 1582 1009 1649 bene)
1023 1581 1142 1634 selectas

206 1664 272 1702 uam
285 1665 371 1703 novas
383 1653 514 1718 praestat
544 1650 586 1704 Ex
599 1650 774 1719 superiorum
786 1600 942 1704 editionum
954 1664 1071 1702 numero
1082 1650 1142 1702 tres

187 1664 413 1782 deseruerimus,
433 1733 505 1785 quae
524 1719 623 1772 ceteris
641 1717 783 1784 omnibus,
802 1717 906 1771 codicis
923 1718 1061 1785 scriptura
1078 1715 1142 1767 dili·

186 1786 287 1862 genter
304 1789 427 1850 enotata‚
445 1784 525 1853 quasi
541 1785 728 1863 fundamenta
744 1785 845 1851 iecere,
863 1799 943 1851 segre
959 1782 1053 1861 ¹anctae
1065 1783 1140 1861 sunt,

187 1851 552 1994 iitittttittftstitt
568 1849 1141 1994 suthalanstratilatis:

186 1986 292 2055 prodiit
308 2002 333 2040 a.
354 1992 442 2050 1824,
460 1988 489 2038 ct
505 1984 604 2048 tertia,
627 1985 692 2051 post
709 1982 865 2035 Goeschsni
887 1982 995 2035 obitum
1018 1998 1035 2036 a
1051 1981 1140 2036 Lach-

187 2069 289 2108 manno
307 2069 331 2107 a.
353 2058 425 2107 1842.
444 2051 645 2103 consummata.

254 2137 298 2190 Ad
309 2137 468 2204 postremae
480 2149 606 2187 normam
619 2135 715 2187 nostra
727 2148 837 2201 quoque
851 2132 938 2186 editio
949 2134 1078 2188 instituta
1087 2142 1138 2200 est,

186 2207 228 2259 ira
243 2207 339 2257 tamon
357 2203 389 2254 ut
406 2202 492 2254 etiam
503 2200 627 2254 Boecliin
648 2199 729 2255 ianae
742 2199 917 2266 novissimae,
929 2216 1002 2268 qnae
1014 2200 1140 2254 omnium

186 2270 307 2325 maxime
325 2268 491 2334 celebratur,
510 2268 582 2321 ratio
599 2269 637 2321 ha
658 2270 760 2321 eretur.
796 2266 856 2321 Nec
873 2269 968 2321 tamen
985 2267 1092 2333 omnia,
1110 2268 1141 2321 in

209 2338 290 2390 uibus
302 2336 338 2389 ab
349 2335 393 2388 his
406 2334 575 2389 editionibus
587 2334 807 2401 deflecteremus,
820 2334 851 2387 in
861 2334 935 2388 notis
947 2334 1141 2388 indicavimus.

188 2356 307 2460 &hastae
324 2402 496 2471 parcendum
514 2403 583 2456 erat.
618 2403 717 2470 Itaque
739 2401 872 2462 levicula,
897 2417 952 2467 quo
975 2403 1004 2454 in
1023 2417 1140 2455 numero

187 2474 308 2525 maxime
326 2469 363 2524 ad
380 2469 607 2539 orthographiam
624 2468 797 2538 pertinentia
814 2470 890 2529 sunt,
914 2469 1001 2522 tacite
1019 2469 1140 2522 correxi·

187 2555 262 2599 mus,
281 2538 328 2591 vel
344 2538 420 2605 quod
437 2536 466 2590 in
484 2553 514 2590 re
532 2537 681 2605 tantopere
698 2538 734 2590 ab
753 2535 869 2590 arbitrio
907 2535 1028 2612 cudente
1046 2534 1139 2612 dicere

187 2607 322 2676 praestat,
345 2602 522 2658 mutavimus.
556 2603 707 2658 Praeterea
728 2603 757 2656 in
780 2605 861 2657 conte
894 2620 913 2655 n
935 2603 1035 2655 litteris
1056 2604 1141 2655 rectis

188 2669 1141 2805 resumuntraritatestrinientur·

187 2759 290 2872 finees,
309 2806 332 2859 si
349 2806 492 2859 breviores
503 2806 576 2869 sunt,
594 2805 715 2873 syllabas
726 2805 813 2858 trium
824 2803 883 2857 fere
895 2803 1062 2863 litterarum,
1081 2775 1141 2854 loir1

188 2876 280 2945 giores
302 2873 470 2942 interposito
492 2889 518 2925 v.
541 2873 616 2925 totos
637 2887 747 2938 versus,
774 2871 823 2938 qui
845 2886 898 2924 nec
920 2869 978 2947 legi
1000 2885 1052 2923 nco
1077 2869 1141 2923 tuto

188 2942 314 3021 suppleri
330 2941 492 3010 potnerunt,
528 2937 560 2991 In
583 2939 710 3008 margine
734 2938 871 2992 exteriore
894 2952 1014 3006 paginas
1030 2937 1142 2990 tantum

209 3008 324 3064 rimitivi
341 3008 454 3073 codicis,
472 3021 545 3073 quae
563 3006 720 3075 supersunt,
738 3004 960 3069 numeravimus;
978 3003 1080 3071 quibus
1093 3001 1142 3056 ad-

188 3029 281 3131 ditum
290 3078 322 3132 ‘t
331 3084 364 3129 s’
376 3075 486 3142 spectat
498 3073 534 3127 ad
542 3075 587 3127 ter
595 3072 713 3141 scriptas
722 3072 909 3149 (Goeschenpr
923 3071 966 3124 bis
974 3071 1142 3190 rescriptas).

188 3146 281 3200 Etiam
299 3159 393 3198 vorsus
410 3141 513 3195 codicis
530 3141 714 3210 distinguere,
737 3141 790 3193 nisi
812 3139 862 3193 ubi
879 3139 1023 3204 intererat,
1040 3155 1052 3191 i
1088 3138 1142 3201 est,

188 3213 238 3266 ubi
260 3226 334 3264 nova
355 3208 494 3278 quaedam
517 3209 553 3262 ad
575 3207 741 3262 schedarum
763 3207 863 3261 ductus
886 3205 1086 3273 supplevimus,
1110 3207 1144 3258 ut

189 3280 310 3333 otiosum
327 3293 383 3331 non
400 3276 515 3345 placuit.
543 3276 575 3328 In
588 3276 686 3328 critica
697 3274 879 3328 adnotatione
892 3271 966 3341 ipsos
978 3272 1143 3326 schedarum

189 3347 290 3399 ductus
307 3345 519 3422 repraesentare
531 3342 611 3396 initio
623 3341 838 3405 constitueram
857 3339 906 3394 sed
918 3354 984 3392 mox
996 3338 1143 3392 consilium

190 3412 362 3467 difficultatis
383 3411 497 3481 plenum
520 3410 610 3464 abieci
633 3409 755 3463 maxime
777 3408 927 3476 postquam
945 3405 1141 3471 animadverti,

188 3496 274 3602 puam
297 3479 370 3535 male
391 3479 421 3532 id
438 3477 610 3547 Boeckiugio
633 3475 761 3554 quamvis
784 3473 997 3543 diligentissimo
1021 3472 1143 3551 cesserit.

203 3553 287 3616 taque
305 3548 358 3603 hac
374 3548 455 3618 parte
474 3545 645 3599 Lachmanni
663 3542 751 3597 editio
773 3540 904 3595 adeunda
926 3542 976 3595 est.
1011 3539 1142 3608 Denique
