2609 3942
212 201 274 264 190
517 217 577 253 ann
594 216 698 252 usura.
715 199 736 251 Ι.
754 205 863 254 oti-tt.

210 352 317 413 Sentia¹
334 367 418 429 nupta
432 358 481 425 sit;
502 359 554 412 nisi
574 355 647 429 quod
663 356 767 413 scilieet
787 359 833 429 qui
853 356 1040 414 dediticiorum
1055 375 1168 416 numero

210 450 262 509 est,
285 443 312 496 in
335 457 382 495 sua
405 440 565 497 condicione
587 450 738 514 permanet,
761 449 789 496 et
803 441 863 496 ideo
880 439 961 511 filius,
985 444 1106 514 quamuis
1122 442 1169 498 fiat

210 526 276 580 cinis
292 524 437 594 Romanus,
459 526 487 579 in
508 533 672 597 potestatem
692 525 777 596 patris
793 540 848 580 non
862 524 1004 597 redigitur.
1040 521 1088 584 69.
1102 527 1168 581 item

146 591 192 692 ἐξ*
210 610 233 662 si
248 607 339 663 Latina
359 609 519 682 peregrino,
543 624 623 681 qoem
645 606 769 664 Latinum
788 624 849 663 esse
871 604 1019 684 crelderet,
1038 607 1074 677 ’te
1094 609 1167 682 lege)

159 681 164 691 ’
189 682 284 749 'Aelia
306 685 416 747 Sentia²
436 692 575 764 nupserit,
597 700 689 764 potest
710 707 743 746 ex
764 692 1005 747 senatusconsulto
1025 690 1080 747 filio
1103 702 1168 748 nato

210 792 318 831 causam
333 778 435 831 erroris
449 773 579 846 probare:
600 783 628 830 et
642 766 704 830 ita³
719 790 812 830 omnes
827 772 895 830 fiunt
910 777 984 830 ciues
999 775 1118 846 Romani,
1140 785 1167 832 et
1182 794 1247 847 [nat

209 858 281 913 iiiios
303 862 330 912 in
351 866 486 930 potestate
507 859 589 930 patris
605 875 667 914 esse
687 859 788 931 incipit.
824 854 874 915 70.
896 859 968 914 idem
980 858 1167 915 'constitutum

209 951 252 996 est
267 934 315 997 et4
334 943 357 995 si
372 939 483 996 Latinus
497 957 547 1013 per
561 957 681 997 errorem
699 941 869 1014 peregrinam
891 943 967 1014 quasi
981 941 1101 997 Latinam
1121 953 1168 998 aut

209 1026 296 1079 ciuem
311 1023 457 1079 Romanam
472 1041 487 1080 e
502 1025 564 1099 lege
578 1026 652 1082 Aelia
665 1025 755 1080 Sentio
771 1042 881 1081 uxorem
897 1024 1011 1082 duxerit.
1032 1021 1074 1086 tt.
1090 1026 1166 1082 Prae·

211 1117 283 1162 taren
299 1109 323 1162 si
337 1109 404 1163 ciuis
418 1107 564 1180 Romanus,
580 1110 626 1182 qni
641 1125 672 1163 se
684 1108 843 1165 credidisset
853 1108 977 1164 Latinum
994 1110 1073 1181 ’esse,
1089 1110 1124 1166 ob
1140 1109 1167 1165 id

209 1189 329 1247 Latinam
339 1200 473 1264 tamquam
479 1192 560 1248 modo
571 1210 587 1248 e
597 1191 738 1265 legedelia
745 1192 836 1248 Sentia
843 1188 1096 1262 uroremdnterit,⁶
1107 1209 1168 1266 per·

210 1276 328 1330 mittitur
339 1276 367 1330 ei
377 1274 433 1332 filio
444 1285 509 1332 nato
519 1279 735 1333 erroriscaasam
742 1275 872 1349 probare:
884 1278 949 1332 item
958 1276 1020 1347 'his,
1035 1279 1081 1350 qui
1092 1270 1169 1332 cum⁶

209 1359 283 1414 ciues
295 1358 406 1415 Romani
419 1369 521 1429 essent,
533 1363 694 1434 peregrinos
706 1376 735 1415 se
747 1375 808 1415 esse
819 1360 998 1416 credidissent
1009 1368 1036 1416 ct
1047 1362 1168 1433 peregri·

210 1459 259 1497 nas
275 1459 373 1498 uxores
389 1442 541 1514 duxissent,
556 1445 722 1517 permittitur
736 1460 769 1500 en
780 1443 1016 1499 senatusconsulto
1033 1441 1088 1499 filio
1103 1452 1168 1500 nato

209 1541 316 1582 oausam
331 1528 432 1582 erroris
447 1529 572 1598 probare.
601 1544 657 1600 quo
672 1528 744 1584 iacto
760 1525 805 1583 det
828 1544 896 1583 uror
917 1529 985 1583 ciuis
1004 1527 1120 1582 Romana
1140 1537 1168 1583 et

210 1607 282 1664 filius
293 1609 416 1682 ’quoque
429 1604 676 1667 enea⁷nonsolum
688 1613 871 1667 adciuitatem
877 1610 1019 1667 Romanam
1030 1613 1167 1684 peruenit,

210 1695 353 1750 sedetiam
367 1695 395 1749 in
410 1702 573 1767 potestatem
588 1697 673 1767 patris
693 1695 834 1768 redigitur.
869 1691 913 1752 '12
929 1693 1119 1767 Quaecumque
1133 1694 1167 1750 de

209 1776 265 1832 otto
281 1794 340 1833 esse
356 1777 481 1849 diximus,
496 1779 588 1834 eadem
604 1779 680 1834 etde
695 1777 748 1834 iiiia
764 1779 833 1835 dicta
848 1777 1048 1852 intellegemus.
1074 1774 1121 1836 7&
1135 1778 1168 1834 Et

209 1870 340 1932 quantum
356 1862 389 1916 ad
403 1864 505 1918 erroris
519 1879 626 1919 cansam
647 1862 812 1935 probandam
829 1863 939 1934 attinet,
959 1861 1025 1918 nihil
1044 1863 1167 1940 interest,

283 2026 303 2094 ¹)
318 2045 339 2078 a.
355 2043 382 2077 sc
400 2030 451 2089 iege
471 2043 493 2077 a.
508 2043 529 2079 s.
548 2023 600 2076 W.
628 2035 656 2076 nt
668 2028 799 2076 secandum
813 2029 888 2090 legem
902 2030 991 2078 Aeliam
1005 2030 1111 2078 Sentiam
1125 2031 1165 2078 ed.

210 2100 299 2150 Palen.
329 2099 368 2162 Cf.
383 2105 526 2160 sequentem
544 2104 637 2147 notam.
698 2093 720 2162 ²)
732 2096 815 2148 Sensit
833 2101 952 2164 eoeigente
970 2100 1069 2149 addidi.
1099 2101 1166 2150 Pata

209 2185 270 2218 cero
289 2171 403 2231 primam
426 2169 521 2216 litterie
543 2182 556 2215 e
579 2166 651 2231 dege)
671 2167 702 2217 ab
719 2170 821 2229 vicinas
844 2171 945 2219 litterae
963 2170 1085 2219 caeder-et
1107 2173 1168 2219 olim

209 2240 318 2296 omissio,
333 2244 435 2286 ceteras
453 2241 474 2285 a'.
490 2252 509 2288 s.
525 2238 562 2286 ad
577 2240 718 2302 marginem
737 2240 877 2302 aliquando
892 2237 926 2303 (d.
942 2256 963 2289 e.
979 2243 1006 2289 in
1020 2242 1167 2305 antiquiore

209 2309 308 2365 codice,
327 2307 472 2357 Veronensi
481 2310 581 2370 priore,
596 2309 666 2372 qaod
678 2311 769 2357 mirum
785 2310 870 2358 videri
883 2309 950 2374 quo
968 2311 1007 2359 ed.
1022 2323 1042 2363 5.
1057 2326 1108 2361 non
1122 2312 1166 2359 de·

209 2377 292 2441 debat)
309 2379 442 2440 suppletas
459 2380 609 2440 pervenisse
628 2381 655 2426 in
670 2381 692 2440 §-
708 2391 755 2437 ao„
774 2379 819 2428 ndi
837 2395 905 2429 nnnc
919 2397 941 2428 o.
956 2391 990 2431 20.
1014 2388 1074 2429 ante
1088 2396 1101 2428 e
1115 2381 1166 2441 iege

208 2451 235 2496 Δ.
250 2449 275 2496 S.
295 2450 322 2497 in
338 2447 363 2497 0.
379 2450 512 2513 legantur,
531 2448 563 2497 ab
581 2449 639 2498 edd.
654 2457 725 2499 recte
743 2452 850 2500 amineae
866 2457 934 2502 sant.
957 2451 1008 2499 vid.
1024 2451 1061 2500 idi
1078 2458 1129 2500 not.
1143 2463 1165 2500 a.
1198 2496 1202 2501 ,

210 2514 286 2584 ⁹)‘et
299 2515 347 2567 ita’
368 2520 425 2568 edd.
439 2521 526 2582 prior.
540 2518 631 2583 Sappi.
645 2518 683 2568 St.
699 2521 797 2583 [went.
857 2517 879 2581 ⁴)
892 2520 938 2569 En
956 2517 1013 2580 W,
1028 2522 1080 2569 nini
1097 2521 1168 2584 qaod

209 2596 235 2637 nt
243 2605 296 2651 pro
310 2597 335 2637 ct
347 2592 473 2652 scriptam
482 2591 567 2653 faisse
580 2592 662 2639 vinnm
675 2598 720 2640 eet.
789 2587 810 2655 ⁸)
829 2587 887 2649 11⁸¹,
905 2592 952 2640 sed
964 2592 1054 2640 addua
1067 2598 1092 2638 et
1105 2598 1167 2652 post

209 2673 263 2707 esse
282 2667 308 2708 et
325 2659 411 2709 cerdis
427 2661 452 2709 Ιι.
471 2662 489 2709 i.
509 2662 665 2710 necessariis
682 2669 802 2724 tamqnam
817 2697 823 2709 .
838 2697 845 2709 .
861 2698 867 2710 .
882 2662 1005 2710 duxissent
1018 2661 1077 2725 (noc
1091 2661 1166 2723 sacto

208 2745 243 2778 ea
257 2728 359 2795 duxerit)
378 2732 405 2778 in
420 2732 474 2793 fine
492 2732 599 2793 periodi
612 2739 675 2793 poet
692 2746 786 2780 causam
805 2732 907 2794 probare
925 2733 1103 2794 transpositis,
1122 2731 1167 2780 adi

209 2801 319 2850 ulterius
333 2809 458 2864 corrupta
472 2803 537 2850 etin
551 2802 610 2850 edd.
620 2804 749 2865 tegantur.
774 2800 849 2852 Nunc
858 2802 896 2865 (in
906 2802 946 2850 ed.
956 2799 980 2866 5)
994 2809 1078 2850 tamen
1089 2803 1166 2850 etiam

208 2873 231 2938 rin
242 2911 278 2931 =
287 2889 357 2938 modo
367 2890 473 2951 retinui,
488 2889 558 2952 qnod
567 2887 593 2937 O.
603 2887 679 2937 habet
688 2896 750 2951 post
758 2887 898 2953 tanq(nam),
908 2903 946 2945 eo,
957 2895 986 2936 nt
992 2893 1066 2949 puto,
1079 2903 1166 2947 aenan,

209 2968 236 3010 at
250 2976 300 3010 non
316 2963 392 3024 quasi
405 2959 562 3008 naturaiiter
573 2957 686 3007 Latinus
694 2958 816 3008 Latinam
830 2973 938 3008 acorem
951 2958 1065 3016 duceret,
1078 2959 1125 3007 aed
1138 2967 1167 3008 at

209 3034 313 3095 exlege
327 3030 360 3079 A.
374 3028 401 3079 S.
416 3030 452 3091 (5.
466 3027 503 3091 29)
518 3042 599 3078 causa
612 3028 726 3091 probata
744 3030 886 3093 aliquando
905 3044 962 3078 enm
976 3042 1059 3077 uxore
1073 3036 1098 3077 et
1107 3030 1166 3090 filio

209 3103 337 3150 civitatem
351 3099 423 3148 Rom.
434 3105 640 3161 consequeretur.
663 3097 744 3148 Scene
756 3114 793 3150 ec.
809 3101 836 3148 in
850 3114 889 3157 eo,
902 3101 947 3162 qai
955 3100 1125 3162 pereqrinam
1137 3114 1167 3148 se

208 3186 300 3221 more
314 3169 427 3219 credidit
441 3183 503 3218 ease.
526 3168 575 3217 Kr.
590 3169 629 3218 ed.
644 3180 658 3219 2
676 3177 735 3218 ante
754 3170 860 3218 Latinam
878 3170 910 3218 oh
928 3169 952 3217 id
970 3169 1104 3217 &lendum
1121 3183 1167 3217 aa·

208 3243 322 3303 spicaria,
332 3245 393 3302 post
407 3241 478 3287 illam
491 3255 514 3287 o.
530 3238 650 3304 (uxorem
663 3239 782 3303 duxerit)
792 3247 816 3289 et
826 3247 918 3302 postea
926 3246 990 3303 poet
998 3247 1110 3302 tanquam
1119 3238 1166 3302 (aa)

209 3310 241 3359 de
255 3325 302 3360 eno
316 3309 398 3358 addit.
423 3307 481 3359 Non
490 3308 582 3372 probo.
643 3307 665 3373 ⁶)
679 3310 712 3359 In
730 3307 776 3359 11⁸²
788 3318 839 3359 est:
852 3310 877 3358 hi
891 3310 932 3372 qui
945 3309 980 3370 c';
995 3309 1094 3373 hirqui
1106 3310 1169 3358 lieet

209 3380 267 3428 edd.
282 3381 332 3429 hiis
346 3381 391 3443 qai
404 3394 458 3429 cum
472 3380 511 3429 ed.
526 3379 574 3444 Bq.
584 3391 604 3432 t.
658 3377 679 3445 ⁷)
693 3380 739 3431 Sic
752 3397 820 3430 nnnc
830 3380 986 3428 Biudmiana
999 3380 1167 3442 interpretor.

209 3484 419 3494 ——--—-

279 3533 305 3605 5.
321 3540 362 3588 ta.
388 3537 623 3601 Cfieapragns&
651 3537 707 3601 Uip.
722 3550 777 3596 tna.
842 3534 867 3605 ξ
883 3540 925 3589 ta.
946 3538 984 3601 Cf.
998 3537 1167 3600 ingram.
