2609 3942
211 170 275 233 304
506 183 567 221 nur
584 184 684 221 msrrr.
701 165 752 221 III.
769 173 878 222 76-79.

210 341 268 380 rem
284 326 436 381 testamenti
451 323 567 380 faciundi
579 326 623 380 ius
637 325 797 381 concedere.
825 319 873 381 76.
889 324 988 381 Eorum
1003 341 1070 381 uero
1085 324 1165 397 boun,

210 409 272 481 qui,
291 408 315 463 si
336 410 438 464 nonin
459 407 550 480 aliquo
572 409 638 464 uitio
664 416 770 480 essent,
794 409 949 465 manumissi
974 408 1060 464 iuturi
1079 407 1165 466 Latini

210 499 311 562 essent,
333 491 447 564 prolude
464 492 620 549 tribuuntur
633 492 766 565 petronis,
788 508 819 549 cc
833 493 856 547 si
871 492 957 548 Latini
971 492 1163 549 decessissent:

209 592 260 632 uec
275 591 316 631 me
331 578 480 649 praeterit,
498 592 553 632 nou
568 577 634 633 sutis
649 576 677 631 iu
692 591 723 632 ec
737 591 767 631 re
781 574 852 650 legis
866 575 981 632 latorem
997 576 1164 633 uoluntatem

210 676 284 715 suam
301 659 391 715 uerbis
406 663 582 733 expressisse.

271 738 316 802 77.
339 742 480 799 Videamus
495 751 585 800 sutem
601 750 628 799 et
648 742 682 798 de
698 758 728 798 ea
742 743 929 813 successione,
952 758 1025 815 quae
1039 742 1117 799 nobis
1133 761 1165 801 eu

208 829 345 900 emptione
365 825 497 884 bonorum
522 828 662 899 competit.
701 823 747 884 78.
770 826 841 882 Bous
863 834 953 883 autem
976 836 1095 883 ueneunt
1117 835 1163 884 sut

210 913 334 966 uiuorum
351 917 396 965 aut
408 918 589 967 mortuorum:
613 911 746 980 uiuorum,
769 910 847 966 uelut
862 925 966 978 eornm¹
991 912 1038 982 qui
1058 909 1163 967 frauda·

207 994 288 1050 tionis
310 1008 389 1047 causa
408 992 514 1049 lutitant
533 1008 583 1048 nec
603 992 727 1048 absentes
748 992 945 1061 defenduntur3
972 994 1036 1049 item
1057 1010 1162 1066 eornm,

208 1078 254 1149 qui
270 1091 302 1131 ex
317 1074 378 1148 iege
392 1074 458 1131 Iulia
472 1078 549 1133 bouis
564 1075 681 1149 cedunt3
697 1078 761 1132 item
776 1077 955 1133 iudicatorum
966 1085 1030 1150 post
1046 1086 1162 1151 tempus,

206 1160 279 1233 quod
295 1160 333 1214 eis
349 1160 445 1232 partim
456 1160 518 1234 lege
530 1176 577 1217 x11
588 1158 737 1216 tabularum
755 1161 852 1233 partim
872 1159 960 1216 edicto
981 1163 1113 1233 praetoris
1130 1161 1163 1217 ad

206 1242 397 1317 expediendam
417 1245 557 1317 pecuniam
579 1242 716 1300 tribuitur.
754 1252 922 1301 mortuorum
941 1242 1011 1300 bona
1031 1254 1163 1318 aeneum,

207 1327 284 1383 ueiut
297 1343 402 1399 eorum,
419 1328 515 1401 quibus
530 1337 633 1384 certum
649 1335 692 1384 est
703 1343 791 1400 neque
802 1325 916 1383 heredes
927 1344 1016 1400 neque
1028 1327 1161 1384 bonorum

141 1416 197 1468 148.
207 1427 380 1483 possessores
395 1427 483 1485 neque
498 1411 582 1468 ullum
596 1410 679 1467 aliurn
698 1407 703 1484 Ι
721 1412 821 1467 iustum
836 1426 1022 1467 successorem
1036 1413 1160 1469 existere.

205 1490 253 1551 79.
269 1490 332 1567 (Et)
345 1496 368 1549 si
380 1495 487 1567 quidem
502 1497 558 1551 uiui
570 1493 640 1552 bona
651 1504 774 1564 ueneant,
793 1496 869 1551 iubet
881 1510 912 1551 es
923 1504 1034 1569 praetor
1044 1512 1093 1569 per
1104 1496 1162 1552 dies

206 1577 351 1633 continuos
370 1594 434 1636 xxx
454 1577 586 1651 possideri
607 1586 636 1634 ct
656 1578 795 1652 proscribi,
819 1580 842 1635 si
857 1594 925 1635 uero
946 1581 1058 1651 mortui,
1078 1573 1157 1652 ’per¹
1170 1585 1225 1639 [Μ]

206 1660 263 1716 dies
278 1677 334 1730 xv3
355 1668 449 1735 postes
468 1660 544 1719 iubet
563 1664 710 1719 conuenire
730 1663 878 1719 creditores
898 1671 973 1718 etex
994 1679 1028 1718 eo
1048 1679 1161 1719 numero

206 1746 366 1819 magistrum
381 1748 473 1816 creari,
494 1747 521 1802 id
536 1754 578 1802 est
593 1763 664 1811 eum,
682 1763 732 1820 per
748 1763 826 1820 quem
841 1746 911 1801 bona
925 1755 1056 1804 ueuecnt:
1070 1748 1162 1820 itaque

206 1830 228 1884 si
244 1831 302 1885 oiui
316 1828 385 1885 bona
401 1837 524 1901 ueueunt,
541 1831 580 1885 ’in
594 1830 689 1887 diebus
705 1825 744 1906 (Χ
754 1834 843 1904 tepens
864 1829 1001 1887 bonorum
1036 1833 1160 1888 uenden-

211 1914 308 1969 dorom
330 1906 412 1990 deiri²
427 1915 518 1986 iubet,
533 1916 556 1969 si
570 1916 681 1985 mortui,
702 1916 729 1970 in
744 1912 847 1970 ’diebus
866 1907 912 1969 1¹³.
942 1908 1001 1989 (die
1031 1907 1163 1970 tcndcm4

277 2049 297 2114 1)
312 2053 356 2101 Ea
377 2053 467 2103 Gdscit.
486 2055 519 2117 ej.
534 2070 603 2104 nunc
621 2058 698 2103 etiam
715 2056 754 2103 ed.
768 2053 842 2104 Stud.
862 2061 917 2118 post
937 2055 962 2105 0.
982 2061 1082 2105 ceterae
1100 2055 1159 2104 edd.

206 2119 227 2190 ¹)
242 2124 287 2173 Bac
300 2139 355 2172 mea
369 2126 402 2187 ej.
417 2121 553 2189 (‘Neaam'
565 2139 593 2186 p.
608 2122 658 2188 153)
672 2127 783 2173 restitui.
815 2124 867 2175 Nec
881 2132 948 2176 muto
962 2126 1109 2175 sententiam
1124 2140 1160 2173 ex

210 2190 267 2251 W,
287 2195 313 2242 ia
332 2208 381 2256 quo
400 2191 540 2259 (referente
553 2195 604 2242 iam
618 2192 741 2258 Kritpero
755 2194 817 2244 trit.
836 2195 969 2245 Versaclte
978 2212 1006 2259 p.
1022 2193 1069 2259 lt't)
1083 2202 1122 2244 est
1136 2196 1161 2245 iu

205 2263 305 2311 dicbusn
320 2263 380 2319 fieri,
395 2263 463 2324 qaod
476 2264 633 2325 interpretor
648 2266 688 2313 oei
702 2267 808 2329 corripe
827 2266 851 2314 iu
870 2265 933 2314 dieb.
948 2265 983 2330 (x.
998 2267 1013 2315 Ι.
1028 2263 1063 2330 h.)
1078 2273 1094 2313 d
1108 2267 1162 2316 dori

205 2354 238 2375 ==
252 2327 428 2394 ποιήσασθαι
439 2333 516 2394 legem
528 2333 644 2383 bonorum
658 2336 835 2385 vendendorum
853 2335 977 2400 Tmopi„
996 2351 1045 2400 quo
1060 2337 1162 2386 iniuria

201 2402 379 2467 flocciiabita,
399 2402 506 2467 Krziper
524 2403 606 2453 scribi
623 2407 718 2455 onitin
737 2406 821 2455 diebus
834 2421 853 2454 x
869 2406 986 2455 bonorum
1000 2406 1160 2457 venditionem

204 2473 264 2522 fieri.
292 2470 345 2520 Sed
361 2487 439 2538 aegre
455 2472 536 2523 Gaius
554 2477 660 2525 eandem
673 2491 727 2525 rem
742 2477 913 2525 diversimode
926 2477 1088 2540 sipaificasse
1103 2492 1161 2527 cre·

203 2543 283 2600 ditor,
293 2544 405 2605 primam
419 2543 503 2593 verbis
517 2546 633 2595 bonorum
647 2546 806 2596 venditionem
821 2546 881 2608 iieri,
892 2553 983 2608 posteo
999 2547 1061 2595 bons
1071 2547 1159 2596 addici.

205 2608 227 2676 8)
242 2614 265 2661 in
275 2612 372 2662 dimidio
382 2614 466 2664 diebus
481 2612 532 2663 W.
557 2614 635 2665 Omisi
644 2633 666 2666 o.
678 2616 785 2678 dimidio,
795 2616 864 2680 qaod
872 2617 919 2665 vix
931 2615 1058 2665 Gaianum
1066 2632 1081 2666 e
1090 2633 1161 2666 mar·

202 2685 264 2748 piae
282 2685 422 2746 inrepsisse
440 2688 467 2733 ia
485 2687 568 2749 ipsam
585 2689 727 2740 orationem
745 2686 861 2742 videtum
881 2701 911 2736 eo
930 2688 996 2736 enim
1015 2694 1161 2746 corrector,

203 2760 231 2802 ut
249 2760 324 2816 pato,
343 2757 476 2805 nonsatis
493 2756 588 2806 habeas
606 2757 756 2807 adscribere
776 2772 802 2819 u,
822 2771 887 2821 quae
906 2764 966 2805 nota
985 2759 1059 2807 narie
1073 2758 1163 2820 accipi

199 2831 312 2887 poterat,
325 2827 573 2890 significarevoluit,
587 2827 720 2876 dimidium
729 2828 784 2876 eins
797 2828 897 2876 numeri
910 2827 1018 2885 dierum,
1033 2829 1078 2892 qai
1086 2833 1160 2877 ante·

203 2904 327 2954 cesserat,
343 2896 490 2959 ponendam
503 2911 571 2952 esse‚·
589 2899 690 2947 scilicet
705 2897 788 2946 diebus
806 2897 931 2946 librarius
945 2897 1081 2962 archetypi
1094 2899 1161 2946 male

198 2981 250 3028 pro
265 2966 328 3015 dieb.
342 2975 358 3014 ti
371 2968 521 3029 scripserat.
550 2966 617 3016 Edd.
632 2980 652 3018 1.
668 2979 688 3018 s.
702 2969 872 3030 scripseram:
886 2967 972 3016 diebus
984 2981 1010 3029 v,
1030 2983 1046 3017 a
1061 2966 1159 3032 quibus.

202 3034 255 3085 Sed
267 3051 316 3085 sua
328 3043 417 3099 monte
432 3038 598 3103 intellegitur,
616 3038 761 3087 vicesimam
775 3039 814 3087 vei
827 3037 951 3087 decimam
965 3037 1040 3097 diem,
1061 3039 1106 3101 qui
1118 3053 1161 3086 se·

202 3108 298 3169 quitur,
312 3105 344 3155 ab
358 3108 459 3155 exactis
473 3110 496 3150 Χ
507 3110 546 3156 nel
563 3111 583 3152 V
593 3107 683 3157 diebus
701 3108 885 3157 numerandum
901 3123 963 3157 esse.
996 3109 1017 3156 si
1032 3108 1119 3156 mortni
1134 3108 1161 3156 in

202 3175 308 3227 dimidio.
345 3176 432 3225 Diebus
447 3177 525 3241 itaque
539 3193 574 3227 erc
588 3181 620 3240 ς).
635 3178 685 3227 Kr.
700 3177 822 3228 edStad.
856 3178 902 3227 Ubi
915 3179 1011 3241 duptee
1022 3177 1101 3240 itaque
1111 3179 1161 3226 oioe

198 3246 270 3307 ferri
279 3253 378 3310 potest;
388 3249 466 3309 prius
479 3254 549 3297 recte
565 3247 646 3298 Gaius
655 3250 756 3311 posuit,
772 3250 833 3312 quia
847 3255 950 3298 creatus
964 3248 1094 3312 magister,
1107 3262 1161 3310 per

202 3330 274 3378 quera
291 3316 358 3366 bona
376 3325 495 3380 veneant,
513 3318 646 3368 desiderat
664 3322 743 3383 tepent
761 3317 784 3367 b.
798 3334 821 3368 v.
895 3315 917 3382 ⁴)
933 3320 1001 3385 {tratur
1018 3314 1068 3366 Vnt
1091 3319 1163 3383 qnod

273 3432 299 3503 δ.
315 3439 356 3489 77.
377 3438 414 3501 Of.
434 3451 459 3502 s,
478 3451 512 3491 98.
531 3456 575 3504 pr.
589 3440 612 3490 I.
627 3440 660 3489 de
672 3456 742 3490 socc.
760 3439 824 3489 subl.
845 3438 881 3506 (s,
897 3438 940 3506 12).
978 3442 1018 3490 De
1035 3443 1164 3505 privatim

200 3504 276 3567 facta
289 3507 434 3557 venditione
449 3509 572 3559 bonoram
585 3509 617 3558 L.
632 3521 667 3562 st.
686 3512 709 3572 5.
724 3520 745 3560 s.
770 3510 804 3561 D.
822 3510 854 3560 de
870 3510 944 3560 cond.
960 3510 1044 3561 indeb.
1063 3511 1114 3578 (11,
1127 3513 1162 3579 s).
