2609 3942
423 180 481 215 uun
497 181 590 217 mern.
609 163 658 216 ΙΙΙ.
677 170 826 219 eoa-ror.
1037 163 1101 227 337

149 309 252 374 iecerit,
276 309 361 382 qualis
381 301 386 386 Ι
406 317 458 381 est,
481 311 557 366 cuius
573 326 625 383 ope
640 310 754 366 consilio
770 311 872 365 furtum
887 311 986 368 sactum
1002 310 1058 370 est':
1074 313 1102 368 in
1113 313 1171 367 181.

150 409 204 466 quo
220 410 334 450 numero
350 403 400 465 est,
424 394 471 466 qui
493 410 618 450 nummos
632 393 682 450 tibi
697 395 825 463 excussit,
847 403 877 449 ut
898 410 945 450 eos
961 396 1028 451 alius
1042 413 1102 452 sur·

149 478 267 549 riperet,
287 477 332 533 uel
353 479 461 551 opstitit
482 477 545 549 tibi,
570 486 599 534 ut
621 477 689 533 alius
712 479 876 550 surriperet,
900 487 945 534 aut
968 494 1034 535 oues
1057 489 1103 536 aut

151 561 237 617 boues
264 568 323 617 tuas
343 561 466 635 fugauit,
493 571 523 618 ut
545 562 613 617 alius
635 578 680 616 eas
701 562 851 634 exciperet:
874 568 901 616 et
921 561 974 617 hoc
995 569 1102 618 ueteres

151 646 316 718 scripserunt
337 645 371 701 de
386 662 429 716 eo,
446 647 492 719 qui
506 638 621 719 ’panno¹
645 644 729 700 rubro
746 645 853 718 fugauit
867 654 1033 719 armentum3
1057 645 1103 700 sed

149 730 173 783 si
189 729 257 801 quid
269 745 319 802 per
338 728 474 785 lasciuiam
493 739 520 786 et
542 745 597 785 non
618 728 679 784 data
694 745 792 802 opera,
814 735 844 783 ut
865 728 968 783 furtum
983 729 1104 784 commit·

150 819 269 882 teretur,
285 812 384 868 iactum
399 814 451 884 sit,
467 812 632 883 uidebimus,
648 830 683 869 an
699 812 773 868 utilis
788 812 873 869 'actio
897 805 975 867 dari²
997 810 1102 882 debeat,

146 894 209 952 cum
232 896 391 970 perlegam
413 896 561 969 Aquiliam,
580 911 648 970 quae
672 896 704 952 de
720 896 817 952 damno
837 896 891 952 lata
914 889 1001 973 (est,)
1024 897 1104 953 etiam

148 979 227 1053 culpa
242 981 379 1053 puniatur.

212 1058 283 1121 203.
307 1062 384 1120 Furti
404 1072 495 1121 autem
511 1067 583 1122 actio
598 1065 623 1120 ei
638 1066 775 1137 conpetit,
797 1066 874 1121 cuius
893 1065 1022 1130 interest,
1045 1080 1102 1120 rem

148 1147 249 1203 saluam
264 1163 338 1221 esse,
359 1147 422 1205 licet
437 1148 561 1204 dominus
576 1150 698 1204 nonsit:
719 1150 811 1222 itaque
832 1165 884 1205 nec
898 1148 1008 1205 domino
1023 1148 1103 1206 aliter

148 1233 278 1305 conpetit,
296 1248 375 1306 quam
391 1234 414 1288 si
429 1237 489 1289 eius
503 1234 629 1303 intersit,
652 1248 708 1289 rem
723 1249 779 1288 non
794 1234 894 1306 perire.
932 1228 1005 1290 204.
1027 1231 1102 1289 Unde

148 1324 268 1387 constat,
292 1316 453 1373 creditorem
473 1316 506 1372 de
526 1318 642 1390 pignore
664 1314 794 1387 subrepto
815 1315 881 1370 furti
902 1331 983 1388 agere
1005 1331 1102 1388 posse3

149 1397 214 1454 adeo
231 1398 354 1471 quidem,
371 1409 402 1456 ut
418 1401 545 1474 quamuis
560 1401 618 1472 ipse
634 1398 775 1467 dominus,
798 1397 825 1453 id
848 1405 891 1453 est
912 1399 970 1472 ipse
986 1397 1100 1471 debitor,

149 1497 208 1537 eam
224 1497 280 1536 rem
294 1481 469 1554 subripuerit,
482 1482 656 1538 nihilominus
669 1481 799 1538 creditori
807 1489 936 1555 conpetat
945 1483 1014 1539 actio
1026 1482 1100 1538 iurti.

79 1561 223 1623 [2501205.
239 1565 304 1621 item
319 1567 342 1620 si
357 1565 425 1621 fullo
441 1564 566 1639 potienda
581 1564 733 1621 curandaue
748 1573 795 1622 aut
806 1567 954 1622 sarcinator
964 1566 1102 1623 sarcienda

149 1649 310 1705 uestimenta
325 1647 449 1705 mercede
465 1657 537 1706 certa
552 1649 695 1720 acceperit,
711 1664 796 1722 eaque
811 1649 885 1705 iurto
901 1651 1028 1719 amiserit,
1044 1651 1102 1722 ipse

148 1733 214 1788 iurti
230 1731 311 1788 hahet
325 1734 466 1798 actionem,
482 1748 537 1788 non
553 1732 692 1800 dominus3
708 1731 770 1804 quia
785 1732 885 1788 domini
898 1731 965 1788 nihii
975 1734 1101 1802 interest,

149 1832 180 1872 ca
195 1833 251 1874 non
265 1818 396 1890 periisse,
417 1831 478 1872 cum
493 1815 592 1871 iudicio
613 1815 695 1871 locati
716 1832 731 1870 a
752 1815 856 1871 fullone
878 1823 925 1871 aut
939 1816 1103 1871 sarcinatore

149 1917 228 1957 suum
244 1902 377 1974 consequi
391 1903 495 1974 possit,
519 1900 542 1955 si
563 1897 644 1955 modo
666 1901 690 1955 is
712 1897 782 1955 iullo
797 1908 843 1953 aut
857 1890 1031 1955 sarcinator³
1054 1897 1105 1955 'rei

149 1984 329 2058 praestandae
350 1977 451 2058 plene⁴
465 1981 598 2053 sufficiam
620 1999 682 2039 nam
704 1985 727 2040 si
747 1982 880 2039 soluendo
897 1998 951 2038 non
967 1991 1023 2053 est,
1038 1989 1105 2038 tuuc

150 2069 213 2141 quia
228 2068 260 2124 ab
275 2085 308 2126 eo
324 2069 449 2126 dominus
464 2085 545 2126 suurn
562 2069 693 2141 consequi
708 2083 762 2123 non
774 2074 877 2140 potest,
891 2068 943 2141 ipsi
956 2066 1021 2122 iurti
1033 2067 1103 2123 aetio

150 2155 283 2224 conpetit,
314 2154 376 2226 quia
404 2154 457 2210 hoc
478 2169 542 2210 casu
563 2154 649 2226 ipsius
672 2154 803 2223 interest,
830 2167 886 2207 rem
909 2150 1010 2207 saluam
1033 2166 1102 2206 esse.

148 2229 221 2291 200.
237 2234 315 2301 Quae
330 2235 363 2290 de
378 2235 482 2293 fullone
500 2231 506 2312 ἱ
525 2245 571 2292 aut
585 2238 756 2293 sarcinatore
771 2236 894 2300 diximus,
911 2235 1004 2291 eadem
1016 2243 1175 2302 trans-132,

149 2317 267 2373 feremus
282 2326 310 2373 et
324 2317 357 2372 ad
372 2333 444 2390 eum,
460 2321 502 2373 cui
517 2335 574 2374 rem
590 2320 834 2376 commodarimus:
857 2337 918 2376 nam
933 2328 964 2376 ut
978 2319 1019 2376 illi
1032 2336 1101 2375 mer-

150 2400 243 2459 cedem
265 2400 395 2474 capieudo
411 2401 562 2457 custodiam
582 2411 737 2474 praestant,
759 2405 797 2459 ita
817 2404 863 2461 hic
884 2420 994 2478 quoque
1010 2403 1105 2461 utendi

149 2483 321 2542 commodum
348 2484 522 2559 percipiendo
550 2485 675 2540 similiter
706 2501 818 2542 necesse
845 2487 926 2543 habet
952 2487 1104 2545 custodiam

148 2579 295 2644 praestare.
339 2564 409 2626 207.
432 2568 485 2625 Sed
500 2571 533 2638 is,
557 2568 631 2641 apud
644 2584 724 2641 quem
743 2583 787 2623 res
803 2569 925 2642 deposita
940 2579 996 2642 est,
1013 2580 1103 2628 custo·

148 2653 218 2708 diam
234 2669 288 2710 non
304 2662 432 2726 praestat,
448 2661 607 2725 tantumque
623 2653 650 2707 in
664 2667 696 2708 eo
713 2649 844 2707 obnoxius
860 2659 912 2723 est,
927 2655 950 2708 si
966 2655 1030 2727 quid
1044 2657 1103 2729 ipse

223 2800 242 2868 1)
258 2818 286 2853 oo
300 2818 379 2868 panno
395 2803 421 2854 0.
487 2799 594 2870 ¹)atque
608 2801 675 2852 doari
691 2801 717 2851 0.
787 2797 903 2868 ⁶)Noiui
920 2802 963 2851 lito
982 2809 1007 2851 et
1020 2815 1041 2860 a,
1055 2814 1102 2855 200.

149 2874 249 2925 codicia
261 2876 420 2939 scripturam
434 2874 535 2924 sarcitor
548 2875 671 2931 retinere,
686 2873 758 2937 culpi
771 2878 875 2930 tontum,
890 2879 919 2921 ut
931 2872 1046 2930 videtur,
1060 2887 1104 2923 uo·

149 2945 273 2996 eubulum.
325 2942 347 3012 4)
362 2959 413 2996 rem
425 2938 527 3010 petendo
536 2944 587 3013 pict
609 2944 635 2994 V
637 2940 672 3001 ⁸¹3
686 2945 714 2993 in
724 2944 777 3007 fine
791 2957 821 2992 ne
831 2944 944 3006 perticae
957 2944 1054 2992 censui.

149 3084 219 3150 Epic.
234 3097 256 3145 0,
270 3098 303 3138 ιο.
319 3087 342 3148 t.
356 3098 378 3139 o.
393 3086 467 3150 infra
480 3098 502 3146 4,
516 3097 550 3139 aa.
569 3097 591 3149 a,
604 3097 652 3137 mo.
667 3097 715 3137 an.
736 3084 812 3135 Paul.
828 3095 848 3144 0,
862 3096 896 3136 m.
912 3086 935 3146 5.
950 3096 983 3136 ro.
1005 3083 1057 3137 Oto.
1072 3083 1104 3133 de

149 3173 174 3205 n.
189 3158 260 3207 deor.
276 3168 297 3216 0,
311 3168 345 3209 oo.
360 3159 383 3220 §-
397 3169 431 3209 '14-
453 3156 516 3207 dett.
532 3168 571 3215 11,
586 3167 618 3208 18.
631 3157 677 3219 fin.
701 3171 778 3219 panno
793 3151 879 3223 rubro]
894 3155 929 3218 of.
944 3154 976 3204 L.
991 3165 1025 3206 ao.
1044 3155 1067 3216 §.
1081 3166 1103 3205 u.

149 3226 181 3275 D.
197 3227 228 3277 de
239 3228 305 3292 furt.
321 3226 365 3294 (40,
380 3225 411 3295 2).
429 3226 519 3278 Senec.
534 3227 566 3277 de
580 3229 623 3276 iro
637 3238 658 3285 0,
673 3237 707 3278 tto.
728 3226 787 3276 Lem
802 3226 872 3276 Rom.
888 3225 970 3291 Bury.
986 3236 1019 3276 20.

148 3294 174 3366 §.
191 3300 250 3349 203.
266 3320 299 3340 =
314 3300 337 3360 §-
353 3310 386 3350 m.
405 3298 427 3348 Ι.
443 3295 568 3365 rt.(4,1).
590 3297 629 3361 Of.
645 3295 721 3346 Pani.
736 3308 757 3355 0,
772 3308 805 3347 00.
825 3298 849 3359 5.
863 3308 883 3346 4.
952 3291 978 3364 ξ.
992 3297 1053 3346 204.
1069 3317 1102 3339 =

148 3371 172 3430 §.
187 3379 220 3419 14.
240 3367 311 3418 Lib.
332 3368 370 3433 Of.
387 3369 462 3420 Paut.
478 3379 499 3427 o,
513 3380 547 3421 er.
566 3369 589 3430 0.
605 3379 639 3419 ro.
710 3363 737 3435 ξ.
753 3369 814 3418 200.
830 3388 864 3408 ==
879 3368 902 3428 9.
918 3377 951 3419 00.
969 3365 992 3415 Ι.
1009 3365 1041 3416 it.
1064 3366 1102 3430 Of.

147 3439 226 3577 {out
238 3450 258 3496 0,
268 3451 302 3490 m.
316 3440 339 3501 5.
350 3449 383 3490 00.
433 3435 459 3508 5.
475 3442 535 3491 200.
550 3460 583 3481 =
598 3440 621 3500 5.
632 3449 666 3489 ro.
685 3436 752 3488 Lib.
770 3438 808 3502 Of.
821 3437 910 3488 Cottae.
921 3449 955 3501 ro,
965 3449 985 3489 0.
1000 3438 1039 3501 ἐξ.
1050 3450 1070 3489 1.
1081 3449 1103 3489 0.

169 3511 250 3560 not.
265 3530 299 3551 ε-
313 3510 336 3571 5.
351 3521 384 3561 rr.
399 3508 422 3561 Ι.
436 3509 469 3558 ib.

202 3607 466 3640 imsrn.A1t’ut.ltzn.
485 3608 523 3641 un.
546 3608 570 3641 v.
807 3582 810 3586 Δ
853 3597 887 3647 22
