2609 3942
184 170 247 233 164
617 189 704 226 esras.

182 309 254 375 Quid
272 310 348 377 quod
361 315 384 368 1,
398 314 446 364 166
451 322 469 370 ·,
486 310 626 365 rubricam
637 311 688 379 qui
698 312 792 381 posuit
803 310 850 365 ‘de
862 311 1009 366 fiduciaria
1020 312 1132 377 tutela‘‚

181 377 229 430 ubi
247 377 307 444 ipse
325 376 412 430 Gaius
429 375 464 431 de
483 376 634 431 fiduoiariis
645 380 743 432 tutelis
755 379 887 447 loquitur,
906 380 974 432 iuris
986 379 1134 434 Iustiniani

181 445 210 497 et
227 442 313 512 ipsius
330 443 458 499 rubricae
479 445 607 509 tit.l.1,
627 451 666 500 19.
689 445 803 500 videtur
825 461 857 499 co
898 446 1015 500 itionem
1039 450 1069 501 et
1090 463 1133 502 ra·

180 510 287 563 tionem
303 510 442 570 habuisse.
472 512 554 567 Certe
572 512 707 567 abolitam
719 513 780 567 eius
797 515 862 567 aeta
902 514 1024 568 tutelam
1035 513 1133 568 mulie·

181 579 260 655 brem
277 577 373 657 prodit
388 579 501 657 rubrica
517 580 583 634 ante
595 586 618 642 2,
632 586 674 657 βο.
704 580 854 658 Praeterea
870 579 1021 658 barbarum
1033 597 1133 634 aevum

180 646 1134 793 triturarentur&titularentur&

180 780 307 846 deantur,
319 797 368 859 qur
377 781 495 846 casrbns,
507 780 605 857 modis,
617 731 792 858 temporibus
801 784 899 859 eontra
907 783 1046 836 rationem
1056 781 1133 836 Gan·

200 864 235 902 ue
253 848 355 902 aetatis
373 862 480 900 morem
497 862 515 901 a
531 847 645 901 hbrario
668 849 766 915 positis
787 848 994 916 simrlrbusqne,
1017 851 1050 902 ut
1065 864 1133 903 vere

211 931 285 979 cam,
311 913 387 967 vitiis
413 913 609 968 conservandis
631 930 735 984 magna
755 930 824 969 eura
849 915 976 981 student,
1022 916 1084 969 uasi
1109 916 1134 969 is

180 983 240 1035 anti
261 982 358 1035 uitatis
374 981 455 1034 testis
473 982 546 1036 esset
562 980 592 1033 in
602 981 679 1034 hisce
695 982 779 1035 rebus
795 981 852 1035 fide
871 983 980 1051 dignus
1031 982 1133 1035 andem

181 1049 245 1102 aeta
276 1065 304 1099 m
326 1047 422 1117 prodit
443 1048 619 1103 rubricarum
641 1049 727 1114 ratio,
754 1063 823 1114 quas
848 1049 993 1103 librarius¹
1016 1049 1134 1118 singulis

180 1115 306 1168 materiis
327 1116 448 1170 maxime
470 1115 552 1192 initio
575 1115 668 1183 operis
693 1116 873 1185 praescripsit
893 1115 1030 1194 quibusve
1052 1131 1133 1193 prae·

180 1180 334 1236 scribendis
351 1182 463 1252 saepius
480 1199 492 1236 s
514 1184 602 1236 atrum
614 1198 731 1236 vacuum
745 1183 871 1251 reliqnit;
888 1183 957 1237 hcet
973 1184 1047 1238 enim
1060 1199 1132 1237 erus·

179 1248 257 1302 modi
274 1249 400 1304 rubricas
418 1255 427 1316 (
449 1266 485 1303 uo
522 1250 614 1316 ipsum
630 1265 734 1305 nomen
751 1250 899 1318 aliquoties
916 1252 1045 1305 notatum
1061 1249 1091 1303 in
1103 1249 1133 1305 0.

179 1316 331 1386 invenitur)
349 1267 659 1385 111111111111111111111,
682 1316 883 1382 Quaestionum
905 1317 1023 1386 aliisque
1039 1318 1133 1371 minus

180 1400 215 1438 ex
238 1384 297 1437 arte
322 1386 536 1463 ooosppursaoie
558 1382 669 1452 scriptis
691 1384 737 1451 (ci.
755 1384 799 1437 Fr.
819 1385 882 1439 Vat
901 1387 964 1452 227)
987 1385 1029 1437 ita
1046 1385 1132 1438 etiam

178 1449 390 1505 Institutionum
401 1450 481 1505 libris
492 1453 614 1504 inserere
627 1451 735 1504 librarii
750 1453 860 1506 mature
873 1452 1054 1519 coeperint²(
1075 1450 1133 1504 nod

179 1516 215 1570 da
232 1516 347 1586 Ulpiani
368 1520 398 1571 et
414 1518 505 1571 Paulli
521 1517 748 1572 Institutionibus
771 1534 806 1571 ex
829 1517 928 1573 Collat.
945 1519 989 1571 ut,
1073 1556 1081 1571 .
1103 1519 1134 1572 et

253 1672 274 1743 ¹)
287 1676 346 1727 Nam
364 1678 465 1741 abipso
484 1676 543 1728 Gaio
562 1691 603 1727 eas
622 1678 742 1741 proiectas
760 1693 808 1727 uon
826 1693 893 1741 esse,
914 1680 961 1728 iam
979 1678 1132 1727 Goeschenus

179 1748 255 1798 Praei.
270 1763 294 1812 p.
309 1747 408 1798 xxvrtr.
424 1747 511 1798 XXXV.
527 1748 564 1798 ed.
579 1748 675 1798 Lachm.
691 1756 756 1798 recte
770 1749 890 1798 iudicavit.
914 1749 981 1798 Unde
994 1748 1133 1810 Roeckingii

179 1820 305 1869 consilium
318 1834 365 1869 non
378 1820 464 1884 probo,
479 1821 519 1883 qui
533 1820 570 1869 111.
586 1830 606 1871 o.
622 1821 693 1869 etiam
708 1834 762 1881 eas,
781 1833 840 1882 quae
855 1817 939 1867 deesse
954 1819 975 1866 ei
990 1820 1055 1867 visae
1069 1825 1132 1880 aaut,

180 1891 287 1940 rubricas
301 1891 426 1954 supplevit.
451 1891 547 1940 Rectius
562 1890 615 1953 quis
626 1889 718 1950 iecerit,
732 1889 772 1951 qui
782 1888 818 1936 vel
828 1901 869 1935 eas
884 1887 1058 1950 exterminaret,
1072 1903 1132 1953 qnae

179 1975 241 2010 nunc
249 1962 322 2011 inrito
329 1963 388 2011 Gaio
396 1962 483 2010 librum
493 1962 544 2008 eius
554 1965 667 2018 onerant3
677 1959 698 2006 is
709 1958 773 2005 euim
784 1957 836 2019 ipsa
846 1957 952 2004 oratione
963 1957 1132 2009 divisionibus-

178 2046 224 2096 qne
238 2039 293 2095 apte
311 2033 380 2081 iactis
398 2031 471 2079 multo
486 2030 579 2078 doctius
593 2028 709 2091 providit,
728 2033 755 2075 ut
771 2026 848 2075 lector
865 2041 912 2075 non
931 2026 1000 2090 plane
1023 2029 1132 2079 indoctus

179 2103 270 2164 singula
289 2114 397 2165 quaeque
415 2098 484 2147 iacile
504 2098 627 2146 inveniret.
662 2097 711 2159 lpsi
727 2096 819 2145 librarii
837 2097 946 2146 rubricas
964 2099 1076 2149 contiuuo
1094 2100 1133 2149 in·

179 2173 286 2222 scribere
300 2171 364 2219 circa
379 2170 449 2217 linem
463 2169 523 2229 loci,
538 2167 578 2230 qui
593 2174 631 2216 est
644 2166 674 2215 de
688 2167 864 2229 contractibus,
883 2168 993 2218 videntur
1007 2168 1132 2232 desivisse,

179 2241 260 2303 credo,
275 2240 330 2304 quia
343 2239 454 2288 contiuua
468 2238 540 2287 lectio
554 2238 579 2287 in
593 2237 682 2287 sobolis
696 2251 750 2286 raro
764 2238 826 2287 ultra
840 2251 894 2288 aum
905 2239 983 2289 locum
998 2241 1132 2304 perveniret

179 2319 203 2360 11
217 2324 245 2358 11
259 2316 342 2372 quarto
357 2309 528 2358 commentario
541 2322 617 2372 pauca
631 2315 722 2356 tanturn
741 2307 930 2371 deuotionibus,
948 2325 1024 2374 panea
1043 2311 1072 2360 de
1091 2325 1133 2360 es-

179 2380 329 2444 oeptionibus
343 2378 495 2428 traderentur
508 2379 550 2443 (ci.
565 2385 640 2427 const.
652 2378 750 2427 Omnem
765 2378 901 2445 reip.§.1).
926 2379 994 2430 Certe
1010 2380 1034 2430 C.
1046 2380 1130 2431 Veron.

179 2465 265 2501 vacuas
279 2451 354 2499 lineas
368 2449 528 2499 inscribendis
542 2449 645 2497 rubricis
664 2449 794 2498 destinatas
812 2464 858 2499 nou
878 2452 983 2501 continet
996 2453 1043 2500 uisi
1058 2466 1132 2515 usque

181 2522 211 2571 ad
225 2521 291 2569 illum
306 2520 383 2569 locum
398 2518 439 2585 (ci.
454 2527 502 2568 not
517 2519 547 2568 ad
560 2531 581 2580 a,
597 2530 642 2569 111.
658 2518 717 2581 lta.)
731 2519 772 2568 ubi
786 2521 857 2570 etiam
871 2522 896 2570 iu
910 2522 1007 2585 Visigot.
1022 2523 1131 2586 Epitorna

179 2591 242 2641 tituli
255 2592 305 2640 lere
319 2590 440 2653 deficiunt,
455 2596 479 2638 ct
491 2596 615 2654 praeterea
628 2595 719 2638 tantum
729 2590 796 2639 initio
807 2605 891 2641 comm.
902 2591 939 2640 lV.
951 2600 975 2640 et
984 2600 1038 2642 ante
1048 2593 1071 2654 ξ.
1083 2602 1129 2643 111.

181 2659 203 2728 ²)
224 2662 250 2710 ln
268 2675 338 2710 usum
357 2661 491 2710 scholarum
509 2661 658 2723 primumque
678 2660 701 2708 in
721 2660 802 2710 Sabini
820 2661 888 2711 libris
909 2663 939 2711 ad
953 2663 1133 2712 similitudinem

180 2732 265 2794 edicti,
284 2732 325 2781 ubi
343 2731 373 2781 ab
391 2732 444 2793 ipso
461 2738 572 2795 praetore
591 2730 664 2794 positi
682 2730 744 2780 tituli
761 2733 858 2796 proprie
877 2733 1067 2796 appellabantur,
1086 2733 1132 2781 boc

179 2804 267 2852 iactum
285 2816 352 2864 esse,
371 2801 482 2863 colligere
501 2802 558 2850 licet
577 2814 605 2849 11
618 2800 685 2849 Pers.
698 2811 724 2862 o,
738 2813 772 2853 ao.
792 2802 886 2852 Petron.
900 2815 940 2864 ce,
959 2804 1021 2853 uude
1034 2802 1131 2860 Quintil.

179 2874 412 2936 l.0.1a,a.§.11.
446 2867 503 2919 ‘nui
521 2885 547 2919 se
567 2869 596 2919 ad
618 2871 697 2920 album
716 2887 743 2921 ac
762 2873 871 2922 rubricas
889 2871 1004 2937 (intellige
1025 2871 1132 2921 lCtorum

179 2943 264 3010 libros)
278 2938 474 3003 transtulerunt’3
489 2955 621 3005 quanquam
635 2942 698 2991 tituli
713 2942 746 2991 1111
760 2943 784 2991 iu
799 2943 888 2991 libris
903 2943 933 2991 ad
947 2944 1050 2992 edictum
1060 2943 1132 2990 etism

179 3015 289 3066 rubricae
304 3028 358 3063 esse
373 3018 503 3074 coeperunt
517 3010 554 3076 (L.
566 3024 585 3062 a.
596 3012 620 3073 ξ.
630 3023 650 3063 1.
666 3012 693 3060 D.
704 3013 734 3062 de
748 3013 834 3062 interd.
848 3024 883 3073 ca,
898 3010 929 3075 1.)
945 3019 969 3060 et
983 3013 1029 3060 iam
1043 3012 1132 3073 Vespa-

179 3088 240 3135 siani
254 3092 331 3135 aetate
345 3084 369 3132 iu
383 3083 435 3130 iura
449 3081 525 3143 civili,
541 3089 566 3131 ut
579 3088 673 3131 constat
691 3097 719 3131 11
738 3083 834 3132 aeribus
852 3082 998 3144 Salpeussno
1017 3088 1042 3129 et
1059 3081 1132 3129 Mala-

179 3157 271 3218 citano,
292 3156 344 3218 ipsa
364 3165 458 3215 quoquc
478 3152 555 3214 legum
576 3150 628 3218 (sed
649 3161 727 3202 1111111
746 3151 913 3215 principalium
930 3150 1035 3215 tantum)
1054 3152 1132 3214 capita

178 3238 311 3289 quanquam
326 3237 373 3273 uon
387 3223 459 3272 rubro
469 3223 550 3272 colore
560 3224 609 3272 aeri
620 3223 735 3286 iuscripta
744 3222 854 3270 rubricae
864 3221 981 3284 appellata
991 3228 1054 3283 sunt,
1064 3222 1132 3270 inde·

179 3310 224 3359 que
239 3294 341 3343 11111111.
356 3305 390 3354 rt,
400 3305 447 3345 101.
464 3290 560 3343 ‘rubras
574 3295 690 3343 maiorum
704 3288 779 3354 leges'
795 3291 938 3352 generaliter
951 3291 1032 3341 dicere
1046 3293 1130 3356 potuit.

178 3366 264 3415 Verum
283 3371 309 3414 ut
325 3365 350 3414 in
369 3364 488 3428 plerisque
506 3365 544 3414 ius
563 3363 635 3414 civile·
652 3364 703 3411 iure
717 3361 837 3425 praetorio
856 3362 976 3424 paullatim
996 3371 1131 3426 superatum

179 3444 228 3495 est,
248 3436 280 3484 ita
295 3436 365 3485 etiarn
381 3436 405 3484 iu
419 3436 463 3484 bae
482 3435 548 3484 tenui
566 3448 593 3483 rs
611 3433 712 3482 maxime
730 3438 787 3495 puto
806 3439 931 3496 postquam
946 3434 970 3482 iu
985 3432 1132 3496 Gregoriauo

179 3513 202 3555 et
216 3505 403 3569 Hermogeniano
418 3503 546 3554 Codioibus
560 3503 622 3552 tituli
636 3504 666 3551 ab
681 3503 740 3566 ipsis
754 3503 890 3553 securibus
904 3504 1045 3554 admodum
1059 3504 1132 3554 edicti
