2609 3942
188 203 252 268 392
462 217 521 255 aaut
538 217 630 253 nrsrrr.
649 200 696 255 IV.
714 206 860 256 lat—tae.

114 347 250 409 aet-1³4.
268 392 275 406 .
289 391 297 408 .
310 388 318 405 .
332 389 338 403 .
352 351 383 406 in
397 339 559 465 intenptione
574 345 705 404 formulae
718 346 761 405 ’de
778 349 842 405 iure
859 351 1020 421 quaeritur,
1031 348 1057 404 id
1070 341 1138 420 est,¹

162 411 231 490 'cui
245 432 314 490 'dari
327 441 473 507 oporteut;
503 440 531 488 et
545 447 609 487 sane
624 430 734 487 domino
750 430 809 487 dari
822 439 943 506 oportet,
956 433 1029 506 quod
1040 449 1138 489 seruus

186 518 348 591 stipulatum
373 522 400 573 at
420 517 448 573 io
467 516 678 590 praescriptione
704 514 737 571 de
759 507 863 587 ’facto³
883 518 1038 589 quaeritur,
1063 517 1137 591 quod

186 601 332 659 secundum
352 599 501 656 naturalem
516 597 741 673 significationem
758 615 853 656 uerum
870 614 931 656 csse
942 599 1033 658 debet.
1071 597 1137 658 teo.

186 685 372 757 Quaecumque
387 691 476 740 autem
491 682 606 739 diximus
617 682 650 738 de
663 684 758 752 seruis,
771 682 863 739 eadem
873 683 906 740 de
918 685 1016 740 ceteris
1027 698 1138 758 quoque

185 770 317 843 personis,
334 784 402 841 quae
417 774 513 823 nostro
528 767 580 822 iuri
595 765 733 822 subiectae
748 773 826 837 sunt,
850 767 921 823 dicta
935 767 1136 841 intellegemus.

185 848 250 912 tau.
273 853 338 908 item
354 850 515 907 admonendi
529 866 639 921 sumus,
655 851 753 906 sicum
769 850 828 922 ipso
843 866 968 923 agamus,
990 853 1037 925 qui
1050 853 1137 907 incer·

184 943 241 992 tum
256 936 425 1009 promiserit,
444 935 481 992 ita
496 931 574 989 nobis
590 933 732 989 formulam
748 948 808 989 esse
823 936 1001 1008 propositam,
1016 941 1047 990 ut
1061 951 1139 1008 prae·

185 1147 283 1204 scebat,
306 1161 340 1195 an
359 1145 499 1194 hereditati
516 1145 710 1208 praeiudicium
729 1146 818 1207 lieret,
842 1145 912 1210 quod
932 1148 957 1196 si
975 1149 1138 1210 pronuncia·

185 1224 272 1276 uerat,
291 1216 415 1265 iudicium
433 1215 465 1264 de
483 1216 594 1280 sinpulis
611 1214 689 1263 rebus
706 1216 794 1277 petitis
817 1217 914 1265 nultum
931 1224 1001 1280 erut,
1021 1218 1137 1282 ideoque,

182 1290 259 1352 finita
268 1287 301 1337 de
308 1286 451 1336 bereditate
460 1286 616 1350 quaestione,
631 1291 715 1344 actor,
725 1287 770 1349 qui
779 1287 890 1345 uicerat,
904 1286 988 1337 mua
997 1302 1042 1338 eas
1047 1296 1138 1351 petere

181 1365 292 1422 poterat.
321 1357 397 1407 Nunc
410 1371 473 1406 uero
487 1372 543 1406 cum
553 1357 580 1404 in
593 1357 703 1419 speciem
711 1358 873 1419 exceptionis
885 1356 949 1408 baec
959 1360 1138 1422 praescriptio

184 1429 295 1478 deducta
308 1429 355 1485 sit,
374 1428 426 1476 nisi
438 1433 514 1477 actor
527 1426 627 1477 obiecta
640 1440 672 1475 ea
687 1428 814 1476 actionem
831 1427 951 1489 differat,
970 1443 1024 1477 rem
1037 1430 1137 1493 perdit,

184 1501 246 1563 quia
259 1514 320 1547 reus
332 1499 357 1547 ei
370 1497 563 1560 praeiudicium
578 1497 640 1559 fieri
654 1495 821 1560 probauerit,
840 1496 984 1547 absoluitur
1002 1505 1028 1547 et
1045 1501 1138 1549 iterum

180 1570 281 1632 petenti
293 1569 380 1617 actori
393 1574 467 1617 nocet
485 1568 603 1629 exceptio
617 1568 659 1615 rei
675 1566 814 1616 iudicatae.
834 1569 893 1618 134.
921 1566 1054 1617 Interdum
1073 1584 1137 1620 uero

184 1641 260 1689 etium
278 1639 375 1687 nestris
392 1636 547 1700 temporibus
561 1637 739 1699 praescriptio
758 1643 810 1685 tum
823 1652 875 1700 pro
892 1644 981 1688 actore
995 1654 1070 1703 quum
1083 1655 1137 1703 pro

183 1723 229 1759 reo
243 1709 305 1758 dari
318 1708 436 1757 uidetur:
458 1708 526 1772 quod
543 1707 653 1768 accidit,
672 1721 729 1756 cum
742 1707 774 1756 de
788 1721 817 1757 eo
832 1709 943 1772 opimus,
963 1710 1032 1772 quod
1045 1724 1138 1759 seruus

183 1781 246 1829 duri
265 1780 403 1842 stipulatus
422 1785 467 1827 est.
499 1776 575 1826 hicet
593 1778 659 1825 enim
677 1791 708 1826 eo
726 1778 826 1827 nomine
842 1778 955 1841 perinde
975 1779 1049 1830 uobis
1066 1781 1137 1831 actio

184 1856 321 1912 competat,
340 1855 415 1912 atque
433 1849 458 1897 si
476 1849 528 1911 ipsi
545 1848 664 1909 stipulati
683 1860 805 1905 essemus,
826 1854 908 1898 tamen
928 1850 989 1913 quia
1008 1865 1052 1909 ea,
1071 1865 1138 1914 quae

181 1921 251 1984 facti
259 1925 331 1977 sunt,
345 1932 501 1981 capersana
509 1917 804 1981 stipulatoriependent,
820 1920 890 1967 uelut
898 1920 923 1969 si
931 1917 1036 1970 Sticbus
1044 1934 1138 1971 seruus

184 2005 253 2040 meus
270 1991 308 2038 ita
325 1990 464 2052 stipulatus
478 1989 527 2038 sit:
544 1994 567 2034 Χ
581 1995 666 2034 MILIA
684 1994 746 2035 ΑΠ’
756 1995 892 2045 ΝΝΝΜ,
916 1996 1016 2038 VTRVM
1035 1998 1138 2048 Vocati,

184 2067 263 2107 DARE
275 2064 414 2107 SPONDEst
427 2064 566 2113 ΒΡοΝὒΕος
581 2057 984 2121 utriusquelitipatorisinterest‚
993 2062 1137 2119 eiectatur,

184 2130 259 2178 cuius
272 2142 307 2176 ece
318 2130 444 2190 stipulatu
458 2134 560 2192 apator.
580 2142 631 2191 qua
640 2128 672 2176 de
687 2142 767 2176 causa
778 2126 893 2189 formula
901 2128 981 2178 datam
990 2145 1047 2178 cum
1056 2147 1138 2194 prae·

183 2199 324 2261 scriptione
339 2200 409 2247 uelut
421 2198 469 2247 boc
483 2195 570 2246 mado:
588 2203 627 2242 EA
639 2203 696 2243 RES
707 2203 836 2251 AGITVR,
851 2203 926 2251 QVOD
935 2205 1142 2249 salutarunt

182 2267 286 2306 secut!
297 2265 411 2305 SERVVS
423 2266 465 2304 DE
472 2264 605 2305 uiuente
613 2263 735 2304 uectore
743 2263 922 2305 smirnam
929 2265 988 2306 EST.
1007 2268 1039 2307 st
1044 2269 1141 2309 PARET

182 2326 344 2369 Numenius!
350 2324 499 2364 NEGIDIVII
504 2324 581 2364 Atto
589 2324 697 2364 sedato
705 2325 805 2366 DECEM
810 2326 896 2366 MILIA
904 2327 984 2368 DARE
993 2329 1141 2370 OPORTERE

182 2389 341 2450 etreliqua:
363 2388 462 2450 itaque,
482 2388 509 2435 in
528 2384 673 2440 interitione
692 2385 817 2438 iormuiae'
833 2396 880 2439 etc.
911 2389 950 2454 Of.
970 2389 1095 2441 Zeitecbr.
1113 2393 1136 2456 f.

180 2457 267 2524 pescb.
283 2455 354 2506 RW.
373 2455 451 2505 XIII.
463 2472 491 2520 p.
506 2467 554 2509 aaa.
581 2456 733 2521 Ecemplum
746 2461 826 2509 sumai
843 2474 878 2509 ea
893 2459 925 2508 L.
941 2471 966 2511 aa
976 2477 1021 2524 pr.
1035 2469 1060 2511 et
1076 2461 1139 2512 Gaii

182 2529 215 2578 L.
230 2539 268 2578 141
278 2543 323 2590 pr.
341 2527 373 2575 Ι).
389 2527 421 2577 de
434 2527 502 2577 uerb.
518 2527 566 2579 obi.
586 2527 631 2595 (45,
646 2527 677 2591 1).
735 2525 754 2594 ¹)
768 2528 813 2578 Ex
832 2529 860 2578 V
860 2525 892 2578 ¹²:
910 2533 1036 2594 scriptum
1051 2532 1138 2595 fuisse

178 2605 257 2662 puto:
275 2598 326 2647 iure
343 2595 507 2665 q(uae)rit(ur)
523 2599 553 2648 ie.
577 2606 655 2649 antea
670 2598 794 2648 edebatur
812 2600 1003 2650 determinatum
1020 2609 1063 2650 est.

184 2666 205 2734 ¹)
219 2668 276 2716 dare
291 2674 385 2732 oportet
400 2669 424 2717 G.
440 2669 507 2731 edd,
526 2670 595 2733 quod
608 2676 741 2733 utrumque
754 2671 859 2733 saepius
872 2672 950 2721 tacite
964 2673 1136 2724 correximus.

183 2734 205 2806 ⁸)
220 2737 265 2788 Ex
277 2738 381 2788 Savinii
394 2741 426 2802 ej.
441 2746 511 2802 pacto
528 2739 553 2789 0.
568 2740 625 2789 edd.

252 2806 279 2874 ¹¹³)
295 2808 360 2873 Pap.
376 2816 415 2857 aab
429 2815 454 2857 et
467 2818 506 2859 tea
518 2809 611 2870 folium
626 2816 728 2859 estnon
743 2810 905 2873 rescriptum,
919 2817 997 2860 esctra
1012 2810 1038 2861 O.
1053 2811 1138 2863 Vero·

182 2894 282 2929 nentem
295 2886 435 2937 seruatum,
450 2885 475 2928 et
488 2880 540 2928 iam
554 2886 613 2928 ante
626 2894 683 2928 eum
696 2880 820 2930 detectum
833 2894 851 2929 a
860 2880 982 2943 Muffeio,
996 2882 1089 2932 deinde
1103 2883 1137 2933 ab

182 2949 319 2999 Ilauboldo
334 2947 468 3014 (Zeitscbr.
480 2950 502 3012 f.
515 2949 602 3014 pescb.
617 2948 689 3000 RW.
709 2949 761 3001 III.
776 2966 805 3013 p.
819 2949 944 3017 rso-rsa)
954 2952 1055 3015 publici
1067 2954 1138 3003 iuris

179 3020 292 3082 fuctum,
306 3020 381 3069 cuius
391 3020 474 3083 imapo
484 3019 613 3068 delineata
622 3027 696 3068 extat
705 3021 741 3069 ad
749 3022 844 3070 calcem
853 3021 892 3069 ed.
906 3020 996 3071 Go'scb.
1019 3023 1137 3074 Posteri·

182 3091 237 3139 cris
247 3104 310 3154 pap.
326 3090 461 3154 imapinem
470 3090 703 3155 piotoprapbicam
713 3089 822 3154 praebet
835 3090 875 3140 ed.
889 3090 964 3143 arua.

251 3240 295 3313 ξς.
312 3248 371 3296 134.
386 3247 446 3297 136.
467 3246 505 3309 Of.
520 3249 544 3309 ᾖ.
558 3258 579 3297 a.
598 3246 620 3296 Ι.
639 3245 931 3315 dessip.seru.(a,1r).
953 3249 985 3300 L.
1002 3261 1027 3301 ua
1037 3265 1082 3314 pr.
1101 3251 1136 3301 L.

184 3325 220 3365 iar
228 3330 271 3376 pr.
290 3315 322 3364 Ι),
337 3317 369 3365 de
379 3316 446 3366 verb.
457 3316 505 3367 obl.
521 3315 565 3383 (ts,
575 3316 606 3383 1).
625 3317 657 3367 L.
665 3330 693 3369 44
702 3333 746 3382 pr.
765 3318 798 3367 D.
809 3319 841 3369 de
851 3320 925 3370 cond.
939 3327 964 3369 et
973 3320 1036 3369 dem.
1047 3318 1092 3385 (ss,
1102 3319 1136 3386 1).

216 3380 260 3451 ἕξ
277 3387 335 3436 136.
353 3388 411 3438 137.
432 3387 470 3449 Of.
487 3384 592 3437 ‘Gaius'
604 3403 632 3450 p.
648 3400 673 3440 tt
687 3403 749 3452 seq„
764 3388 808 3438 ubi
821 3396 904 3439 tamen
914 3405 965 3454 per
979 3405 1095 3441 errorem
1107 3393 1137 3442 in
1152 3420 1154 3425 ,

180 3456 297 3514 exempto
313 3454 442 3514 formulae
463 3464 559 3508 certam
578 3459 742 3509 intentionem
756 3473 808 3522 pro
827 3461 928 3509 incerta
943 3462 1029 3524 posui.
1057 3475 1137 3512 uoco

181 3534 259 3571 emus
273 3520 334 3588 etc]
356 3531 384 3573 ut
398 3524 446 3575 boc
464 3528 537 3577 modo
552 3527 593 3587 id,
612 3530 688 3578 cuiue
706 3530 746 3578 rei
760 3529 816 3578 dies
829 3537 899 3593 erut,
918 3532 994 3595 quasi
1011 3539 1138 3595 separata
