2609 3942
189 179 249 243 186
492 192 554 228 oen
571 192 669 227 unsrun.
689 174 710 226 I.
729 180 836 228 ut—ut.

249 331 296 392 52.
319 335 347 389 lu
364 340 498 407 potestate
513 334 604 405 itaque
619 326 684 388 sunt
699 333 770 388 serui
786 331 966 387 dominorum.
1002 347 1070 404 quae
1085 334 1144 406 qni·

186 420 247 475 dom
262 426 384 491 potestas
405 418 471 473 iuris
494 417 615 490 gentium
638 423 695 471 est:
718 431 779 470 nam
801 417 873 487 apud
894 431 987 471 omnes
1010 432 1144 489 peraeque
1154 417 1211 471 {¹¹⁴1

187 511 283 577 gentes
295 501 507 563 animaduertere
520 515 677 574 possumus,
692 499 806 554 dominis
822 500 849 553 io
861 515 958 554 seruos
973 500 1046 556 uitae
1057 502 1144 556 neeis·

188 602 240 659 que
255 593 417 658 potestatam
439 601 513 654 esse,
534 592 561 639 et
583 581 773 655 quodcumque
793 597 843 654 per
858 597 967 637 seruum
983 582 1143 654 adquiritur,

43 742 48 749 ,
139 670 176 717 14.
187 670 213 725 id
234 671 342 725 domino
364 662 501 741 ’adquiri.¹
542 662 591 723 tta.
614 665 668 721 Sed
690 666 742 722 hoc
765 673 885 738 ternpore
906 682 995 739 neque
1017 663 1143 742 ciuibus!

187 753 325 817 Romanis,
347 768 397 808 nec
419 751 480 806 uilis
503 751 560 806 aliis
583 749 751 813 hominibua,
775 751 822 822 qui
843 748 894 804 sub
915 750 1027 822 imperio
1049 749 1143 823 popuii

186 836 296 892 Romani
312 846 391 902 sunt,
412 835 475 890 licet
489 849 569 906 supra
584 832 693 888 modum
709 841 736 889 et
751 833 809 887 siue
824 849 902 889 causa
917 835 945 888 ia
960 848 1056 889 seruos
1078 850 1144 890 euos

187 922 305 975 saeuire:
328 934 388 972 nam
410 933 443 973 en
464 916 668 972 ’constitutione
690 910 884 972 sacratissimi²
905 917 1075 990 imperatoris
1091 920 1143 972 Au-

187 1003 273 1058 tonini
289 1003 334 1072 qui
349 1001 406 1056 eine
421 1016 499 1056 cansa
515 1016 623 1057 seruum
639 1016 718 1055 suum
734 1000 872 1073 occiderit,
887 1016 942 1056 non
957 1002 1045 1055 minus
1058 1003 1144 1057 teneri

186 1085 305 1154 iubetur,
320 1100 399 1156 quam
413 1086 458 1157 qui
471 1083 586 1140 alienum
599 1100 708 1139 seruum
721 1082 857 1139 occiderit.
879 1084 927 1140 sed
939 1092 968 1140 et
980 1086 1064 1140 maior
1076 1101 1144 1157 quo·

187 1184 240 1241 que
252 1171 382 1241 asperitas
394 1167 567 1224 dominorum
585 1183 633 1241 per
646 1167 765 1223 eiusdem
782 1169 910 1241 principis
921 1169 1143 1224 constitutionem

187 1261 340 1309 coercetur:
365 1268 425 1307 nam
447 1252 588 1308 consultus
604 1268 617 1306 a
636 1250 794 1324 quibusdam
809 1249 976 1324 praesidibus
992 1252 1143 1324 prouincia·

187 1353 245 1391 rum
262 1335 295 1392 de
310 1336 351 1390 his
367 1337 464 1406 seruis,
480 1338 526 1408 qui
539 1335 572 1391 ad
585 1335 643 1390 iana
655 1334 767 1390 deorum
778 1334 821 1390 uel
833 1335 866 1390 ad
877 1342 979 1390 statuas
991 1324 1142 1407 principum

186 1419 358 1492 confugiunt,
381 1420 528 1492 praecepit,
550 1426 581 1473 ut
597 1419 619 1474 si
640 1416 816 1473 intolerabilis
833 1417 958 1473 uideatur
972 1417 1142 1474 dominorum

187 1504 310 1573 saeuitia,
324 1510 457 1575 cogantur
471 1518 568 1557 seruos
580 1517 645 1557 suos
658 1500 786 1559 uendere.
812 1510 840 1557 et
851 1509 996 1574 utrumque
1010 1509 1085 1558 recte
1100 1500 1143 1557 fit:

186 1586 255 1642 male
270 1586 339 1641 enim
355 1593 449 1641 nostro
465 1586 530 1641 iure
545 1587 584 1641 uti
600 1602 654 1640 uon
675 1583 818 1653 debemus3
840 1601 892 1657 qua
914 1585 1018 1640 ratione
1034 1592 1062 1640 et
1083 1601 1144 1659 pro·

188 1669 257 1743 digis
283 1668 453 1725 interdicitur
473 1668 604 1725 bonorum
632 1684 743 1724 suorum
764 1668 968 1726 administratio.
998 1664 1045 1725 64
1068 1667 1143 1724 Cete-

187 1769 246 1809 rum
262 1770 321 1809 cum
337 1756 409 1827 apud
422 1754 496 1810 ciues
510 1753 644 1809 Romanos
666 1752 765 1826 duplex
784 1754 820 1807 sit
839 1751 988 1807 dominium
1009 1746 1084 1825 (uam
1100 1753 1144 1808 uel

186 1838 212 1892 in
229 1836 306 1892 bonis
322 1838 365 1893 uel
386 1854 418 1894 en
438 1839 497 1892 iure
510 1836 657 1904 Quiritium
678 1836 775 1892 uelox
797 1843 914 1908 utroque
935 1836 993 1891 iure
1014 1837 1144 1908 cuiusque

186 1936 282 1976 seruus
299 1937 359 1978 esse
378 1918 574 1993 intellegitur),
594 1922 631 1975 ita
653 1920 758 1974 demum
774 1935 884 1974 seruum
900 1918 929 1975 iu
944 1926 1081 1992 potestate
1097 1919 1144 1975 do·

187 2005 251 2059 mini
266 2021 326 2059 esse
341 2004 475 2072 dicemus,
497 2005 519 2057 si
541 2004 567 2057 in
583 2002 662 2057 bonis
677 2003 735 2057 eius
750 2003 802 2072 sit,
824 2003 926 2058 etiamsi
941 2002 1022 2059 simui
1038 2018 1070 2058 er
1085 2004 1144 2058 iure

187 2086 328 2154 Quiritium
351 2086 467 2141 eiusdem
488 2102 542 2140 non
564 2086 612 2140 sit:
634 2101 694 2139 uam
716 2086 762 2158 qui
777 2085 878 2141 nudum
900 2087 943 2142 ius
959 2085 1101 2153 Quiritium
1116 2088 1144 2142 in

186 2187 267 2226 seruo
284 2168 373 2238 habet,
389 2170 411 2223 is
428 2175 590 2240 potestatem
605 2167 703 2224 habere
718 2185 771 2224 non
787 2169 964 2242 intellegitur.

249 2249 295 2308 55.
315 2252 380 2306 item
396 2251 422 2305 iu
439 2260 573 2323 potestate
588 2260 681 2308 nostra
696 2262 760 2308 suut
775 2251 851 2308 liberi
867 2253 964 2322 nostri,
980 2270 1049 2326 quos
1065 2255 1144 2309 iustis

188 2336 288 2407 nuptiis
303 2336 515 2407 procreauintus.
546 2336 617 2408 quod
634 2337 677 2391 ius
693 2337 832 2409 proprium
847 2337 946 2392 ciuium
961 2336 1143 2393 Romanorum

187 2425 242 2473 est:
266 2418 322 2473 iere
337 2418 408 2473 enim
424 2418 491 2473 nulli
506 2418 549 2474 aiii
564 2428 628 2475 sunt
643 2420 776 2490 homiues,
792 2421 837 2493 qui
854 2419 934 2475 talem
949 2422 975 2475 in
992 2419 1062 2477 filios
1077 2437 1142 2477 suos

138 2515 177 2564 15.
187 2500 285 2556 haireni
300 2509 473 2573 potestatem,
489 2503 593 2576 qualern
610 2520 661 2559 nos
676 2503 814 2559 hahemus.
831 2503 918 2576 ,idque
930 2504 1014 2561 diuus
1027 2499 1143 2582 Haldria·

259 2665 279 2735 ¹)
294 2670 532 2733 adquieturum.
550 2670 604 2721 Sed
611 2673 739 2721 sententia
753 2678 778 2721 et
791 2687 834 2722 ree
848 2674 906 2736 ipra
920 2672 967 2736 (cf.
981 2685 1002 2730 1,
1012 2684 1047 2724 u.
1062 2684 1083 2735 1,
1096 2671 1144 2737 88.)

186 2741 303 2805 exigunt,
318 2747 345 2790 ut
358 2757 414 2790 oum
423 2740 579 2792 Haloundro
588 2740 635 2808 (ad
643 2742 704 2806 Dip.
715 2744 732 2792 l.
742 2741 776 2806 c.)
786 2745 900 2808 tepamue
909 2743 1010 2806 adquiri.
1049 2738 1071 2808 ¹)
1085 2757 1145 2792 con·

186 2811 321 2860 stitutionas
337 2811 362 2861 0.
391 2813 419 2860 in
433 2827 483 2876 quo
497 2811 603 2861 Studeas
617 2827 708 2876 upopr.
719 2827 747 2874 p.
758 2824 805 2863 uuo.
825 2815 926 2863 literam
939 2829 951 2862 s
966 2827 1035 2863 mero
1050 2814 1145 2862 calami

186 2883 272 2945 lapsui
284 2882 382 2934 tribuit.
410 2881 463 2932 Sed
476 2884 572 2932 collata
585 2881 618 2928 L.
632 2893 653 2933 tt.
673 2881 706 2930 D.
721 2883 757 2931 ud
769 2882 816 2932 SC.
835 2883 940 2935 Terruit.
956 2882 1001 2948 (uu,
1017 2880 1052 2947 lt)
1067 2885 1144 2932 etium

184 2953 209 3002 It.
225 2955 255 3012 d,
273 2952 316 3002 ubi
331 2952 411 3003 Gairts
428 2954 470 3002 sui
488 2953 652 3014 imperatorie
667 2953 779 3014 primum
797 2956 946 3005 mentionem
961 2954 1043 3016 fucit,
1062 2967 1145 3002 mora·

184 3024 272 3072 tissimi
286 3040 342 3073 cum
352 3025 439 3086 prior.
454 3023 512 3073 edd.
526 3023 640 3071 retinere
653 3023 740 3070 malui.

255 3160 490 3231 §.52.=L.1.§.
507 3174 526 3212 1.
545 3161 857 3228 decoramentum).
876 3166 899 3227 ὅ.
916 3176 936 3215 ι.
955 3161 1143 3228 Leod.(1,u).

184 3230 210 3301 §-
225 3236 267 3284 63.
284 3255 317 3274 =
331 3233 363 3280 L.
379 3244 398 3281 1.
414 3233 437 3292 ἕ.
453 3244 474 3282 tt.
498 3232 530 3280 D.
546 3232 569 3293 §-
585 3244 605 3282 2.
629 3232 652 3281 Ι.
667 3233 723 3283 eod.
749 3233 787 3297 Of.
804 3234 893 3286 Cotton.
908 3246 929 3296 a,
944 3247 964 3286 2.
978 3246 999 3286 t.
1023 3232 1150 3301 prodigis}

186 3304 224 3365 Of.
241 3303 316 3351 Paut.
332 3315 352 3359 o,
367 3303 402 3352 4⁸.
416 3303 439 3362 ς.
455 3312 475 3352 a.
530 3299 556 3370 §-
566 3303 608 3353 54.
626 3303 665 3367 Of.
680 3305 720 3366 tt·
730 3296 779 3353 sib.
790 3314 824 3355 aa,
843 3305 917 3368 infra
928 3317 949 3364 a,
963 3316 997 3355 eo.
1011 3315 1045 3355 aa.
1064 3315 1085 3360 a,
1096 3314 1143 3354 roe.

189 3373 244 3435 Utp.
260 3384 281 3431 1,
295 3383 328 3423 aa.
352 3371 481 3435 tneopttt.
498 3385 518 3431 1,
533 3384 552 3425 a.
568 3374 591 3435 ξ.
606 3386 627 3424 t.
696 3370 895 3441 §.eiusde
915 3374 947 3423 Ι).
962 3375 994 3423 de
1008 3374 1050 3423 itte
1064 3390 1087 3437 q,
1102 3375 1145 3423 sui

184 3459 207 3490 o.
221 3444 255 3490 nl.
271 3442 321 3490 tur.
336 3440 368 3507 (1,
378 3442 409 3506 o).
420 3457 464 3505 pr.
474 3445 499 3506 §-
509 3454 530 3494 ε.
549 3443 572 3493 Ι.
587 3445 619 3493 de
628 3452 700 3506 potr.
707 3452 761 3507 pot.
772 3446 803 3509 (1,
812 3443 845 3508 9).
865 3445 939 3508 iufra
950 3446 974 3507 ξ.
984 3455 1018 3496 tm.
1034 3443 1144 3508 Dionys.

183 3523 204 3568 a,
219 3523 253 3563 tt.
272 3509 419 3581 delaturum]
436 3514 470 3577 of.
488 3514 558 3564 Care.
573 3515 605 3563 de
619 3514 641 3564 b.
660 3513 724 3563 tiatt
740 3526 761 3574 c,
776 3527 808 3566 19.
