2609 3942
155 184 217 249 316
474 195 536 231 oen
555 196 654 233 1nsu1r.
673 177 721 232 III.
740 183 796 230 122.
894 183 896 186 ’

154 339 305 414 promissor
317 327 404 413 (per)
417 335 506 409 legem
521 334 627 391 Furiam
637 334 746 391 biennio
759 333 920 404 liberantur,
935 342 964 389 et
976 343 1115 407 quotquot

156 429 237 478 eruut
258 436 370 476 numero
393 436 426 475 eo
444 429 579 492 tempore,
601 435 656 491 quo
677 420 789 491 pecunia
808 420 865 490 peti
891 426 999 491 potest,
1022 419 1050 473 in
1071 425 1116 474 tot

155 515 245 579 partes
260 496 425 560 ’diducitur¹
441 505 512 558 inter
528 518 576 557 eos
591 502 739 575 obligatio,
754 511 782 556 et
797 501 898 574 singuli
914 500 1006 557 uiriles
1021 510 1114 574 partes

156 589 239 645 ’dare
265 581 430 655 iubentur;²
457 585 630 641 fideiussores
659 602 724 642 uero
753 594 885 657 perpetuo
913 591 1058 654 tenentur,
1086 594 1116 640 et

86 684 141 730 160.
159 680 296 747 quotquot
316 679 397 727 erunt
411 685 540 741 numero,
561 668 662 742 singuli
682 668 836 724 insolidum
852 660 856 744 Ι
873 667 1043 741 obligantur:
1065 669 1114 723 ita-

94 749 111 788 *-
126 757 144 787 ⁸¹
159 772 211 829 que
233 755 346 811 liberum
369 761 411 809 est
432 752 575 821 creditori,
597 768 682 825 aquo
698 755 779 822 uelit,
802 751 918 808 solidum
939 761 1045 823 petere:
1066 752 1116 807 sed

157 855 230 895 nunc
244 855 277 894 ei
291 837 407 910 epistula
422 835 477 892 diui
492 834 618 890 Hadriani
634 835 813 907 compellitur
828 836 974 891 creditore
988 835 1114 907 singulis,

158 924 205 996 qui
219 920 300 976 modo
315 919 448 975 soluendo
464 920 529 989 sint,
550 925 642 992 partes
657 928 763 991 petere.
807 935 840 974 eo
856 920 939 990 igitur
954 917 1035 974 distat
1049 919 1115 974 haec

159 1002 275 1077 epistula
295 1003 390 1075 alege
411 1000 506 1070 Furia,
529 1002 601 1073 quod
622 1003 646 1057 si
666 1004 726 1075 quis
742 1019 775 1057 er
789 1001 968 1074 sponsoribus
988 1010 1035 1057 aut
1050 1001 1115 1057 fide-

158 1085 369 1161 promissoribus
388 1084 521 1140 soluendo
542 1101 598 1139 uon
617 1086 669 1153 sit,
689 1083 751 1142 'boc
770 1102 837 1141 onus
858 1085 909 1156 (ad
927 1093 1040 1143 eeteros
1058 1103 1114 1142 non

154 1173 292 1242 pertinet,
308 1173 334 1225 si
346 1185 417 1226 aero
433 1184 472 1225 ea
485 1163 734 1240 fideiussoribus),
755 1168 788 1224 ad
803 1177 910 1225 ceteros
930 1185 1040 1241 quoque
1054 1185 1115 1241 per-

160 1256 235 1312 tinet
270 1261 312 1310 set
338 1244 419 1307 cum³
446 1252 488 1307 lex
511 1251 589 1306 Furia
612 1262 716 1308 tanturn
743 1252 868 1307 initalia
895 1252 985 1309 locum
1008 1250 1114 1321 babeat,

112 1393 113 1397 ,
159 1338 267 1406 euenit,
289 1338 362 1392 utin
377 1338 479 1392 ceteris
499 1336 648 1408 prouinciis
664 1351 812 1408 sponsores
831 1351 941 1409 quoque
955 1344 984 1391 et
997 1334 1115 1409 fidepro·

159 1422 287 1477 missores
306 1419 422 1492 proinde
443 1435 474 1475 ae
493 1417 666 1474 fideiussores
687 1418 725 1474 ‘et
746 1412 901 1491 perpetuo4
922 1427 1067 1476 teneantur
1089 1427 1117 1474 et

160 1503 261 1576 singuli
275 1504 303 1558 in
318 1501 434 1557 solidum
450 1500 617 1574 obligentur,
632 1504 684 1558 uisi
699 1518 732 1557 es
747 1502 862 1575 epistula
878 1502 933 1558 diui
947 1501 1071 1559 Hadriani
1086 1503 1116 1558 hi

160 1588 280 1660 'quoque
305 1585 473 1642 adiuueutur
498 1587 525 1640 in
547 1580 649 1658 parte.b
691 1582 754 1645 122.
775 1585 917 1641 Praeterea
941 1586 1012 1642 inter
1034 1602 1116 1659 spon·

161 1687 238 1726 sores
254 1678 281 1725 et
296 1667 530 1742 fidepromissores
552 1669 595 1725 lex
610 1668 723 1743 Apuleia
745 1668 878 1742 quandam
900 1670 1055 1725 societatem
1077 1671 1117 1724 in·

160 1753 295 1809 traduxit:
318 1769 380 1808 uam
403 1754 427 1808 si
449 1754 509 1826 quis
530 1753 627 1808 horum
647 1752 769 1826 plussua
789 1755 916 1826 portione
931 1752 1060 1823 soluerit,
1083 1751 1118 1808 de

161 1853 203 1907 eo,
220 1836 292 1911 quod
308 1835 421 1909 amplius
436 1836 551 1907 dederit,
568 1837 698 1893 aduersus
712 1844 819 1893 ceteros
833 1838 953 1893 actiones
964 1837 1117 1893 constituit.

161 1937 229 1993 quae
244 1921 286 1977 lex
301 1928 362 1976 ante
377 1919 465 1993 legem
482 1918 586 1975 Furiam
601 1921 654 1975 lata
670 1928 727 1990 est,
750 1937 804 1993 quo
821 1929 943 1992 ternpore
959 1919 1119 1975 insolidum

161 2004 364 2078 obligabantur:
387 2003 458 2059 unde
480 2005 633 2075 quaeritur,
657 2019 689 2057 an
712 2014 775 2076 post
797 2004 887 2077 legem
902 2002 1007 2058 Furiam
1031 2002 1118 2059 adbuc

235 2132 256 2201 ¹)
270 2137 310 2184 ed,
328 2134 403 2184 Stoa.
422 2133 546 2182 deducitur
566 2133 592 2182 0.
611 2134 669 2185 edd.
685 2143 710 2184 et
725 2151 794 2185 meae
810 2137 895 2198 prior.
967 2131 990 2198 ²)
1006 2135 1120 2185 Restitui

163 2203 268 2255 ‘Gaias’
280 2219 308 2267 p.
322 2216 357 2254 nr.
376 2203 524 2251 hocabentur
540 2202 566 2252 0.
581 2201 629 2269 (ia)
644 2204 727 2253 uiriles
746 2222 769 2270 p.
785 2207 937 2254 uocabantur
950 2207 983 2268 ci.
999 2205 1118 2255 Pdscltm.

161 2274 199 2326 ΙΙ.
215 2290 242 2337 p.
256 2284 289 2324 1⁶.
315 2270 364 2337 (in)
384 2288 406 2321 u.
426 2288 450 2336 p.
470 2272 611 2336 obligantur
624 2274 683 2322 edd.
697 2274 745 2340 Bp.
759 2287 780 2327 s.
794 2283 820 2324 et
832 2275 905 2324 Stud.
926 2276 1119 2335 Potesttamen,

162 2352 191 2394 nt
203 2344 334 2393 exciderit
348 2356 376 2390 ex
385 2349 447 2405 post
459 2349 553 2405 part-es
563 2351 670 2407 tempore
681 2353 742 2407 pact
750 2348 804 2407 boo,
819 2353 844 2394 et
853 2347 986 2410 legendum
994 2348 1030 2395 sit
1039 2355 1119 2409 partes

162 2413 218 2480 (em)
232 2414 278 2461 hoc
293 2414 415 2477 (tempore
429 2413 494 2461 dare
508 2412 640 2477 ia)bentur.
665 2414 735 2464 Unde
744 2418 842 2465 enimv.
852 2416 916 2465 hoc?
970 2413 993 2481 ⁸)
1006 2416 1080 2465 Haec
1094 2424 1120 2466 et

163 2499 228 2549 qaae
241 2489 383 2546 sequuntur
396 2498 431 2532 ear
449 2483 478 2533 V
477 2479 509 2542 ⁸²,
528 2485 556 2532 in
577 2499 626 2549 qna
640 2492 723 2535 tamen
737 2493 777 2535 eet
789 2493 923 2535 ceterorum
937 2484 983 2550 (eac
996 2487 1118 2551 ceteror').

166 2553 236 2614 Quae
254 2555 348 2603 omissa
365 2560 438 2611 cunt,
456 2554 626 2605 Mommsenue
643 2563 748 2605 seruata
765 2572 788 2605 o.
808 2564 943 2605 ceterorum
960 2558 1000 2606 sic
1017 2557 1120 2619 posted

162 2625 280 2687 suppleri
288 2625 355 2673 nult:
369 2620 480 2675 ‘ceteros
489 2640 539 2675 aaa
549 2626 680 2689 pertinen
693 2627 740 2675 sed
747 2642 783 2675 ece
789 2625 987 2688 fideiussoribus
995 2628 1044 2675 etsi
1053 2642 1120 2675 unus

163 2703 261 2745 tantum
273 2695 397 2745 soluendo
415 2696 449 2744 tit
468 2696 504 2744 ad
516 2711 572 2744 eam
585 2711 650 2745 onus
664 2693 809 2745 oeterorum'
825 2698 901 2746 etsie
915 2696 956 2746 ed.
969 2696 1043 2745 Stoa.
1067 2695 1121 2744 Sed

163 2780 212 2815 cor
227 2766 308 2828 plara
325 2767 445 2828 supplere
464 2781 539 2829 quam
556 2773 658 2828 oportet
674 2773 701 2814 et
718 2768 868 2815 renuntiem
885 2768 969 2815 minue
989 2773 1075 2829 aptam
1095 2773 1121 2814 et

162 2837 302 2899 simplicem
322 2834 441 2884 Gaiana?
512 2833 534 2900 ⁴)
553 2837 711 2898 inperpetuo
732 2837 758 2885 G.
772 2837 812 2885 ed.
826 2836 875 2900 139.
893 2838 991 2899 scripsi
1008 2852 1077 2885 nunc
1096 2844 1121 2884 et

158 2922 211 2970 pro
225 2908 263 2967 iu3
277 2913 353 2955 antea
367 2905 499 2954 edideram
512 2906 700 2968 inperpetuum.
763 2903 785 2971 ⁵)
803 2904 860 2967 V'‘;
874 2914 899 2955 et
912 2906 978 2955 nibil
991 2908 1019 2954 in
1033 2907 1121 2955 eodem

162 2992 239 3026 versu
257 2984 318 3039 poet
340 2976 405 3024 baec
421 2976 495 3038 aequi
512 2976 656 3024 cicumeat.
688 2974 742 3025 Sed
760 2984 806 3025 aut
822 2976 986 3025 scribendum
1003 2977 1122 3025 videtur.-

163 3047 282 3096 adiuueut¹
297 3053 323 3094 ut
337 3044 342 3111 Ι
358 3044 382 3093 iu
400 3051 483 3108 parter
496 3047 698 3104 conveniantur,
712 3053 770 3104 aut,
790 3048 859 3110 quod
870 3053 1000 3109 praestat,
1014 3046 1038 3094 in
1051 3054 1120 3108 parte

163 3124 192 3165 ut
203 3118 330 3181 glossema
343 3115 484 3165 &lendum

163 3240 255 3301 quinti,
265 3245 294 3286 ut
302 3237 413 3295 videtur,
423 3240 509 3286 imaum
525 3238 564 3301 Of.
573 3250 595 3299 t,
605 3249 639 3288 22.
654 3237 686 3286 L.
694 3250 729 3289 tto.
743 3238 766 3299 ξ.
774 3250 796 3289 o.
810 3237 932 3289 stmamd
942 3237 988 3304 (lt,
998 3238 1029 3305 1).
1045 3238 1077 3288 L.
1085 3250 1119 3290 tto.

163 3307 196 3354 D.
206 3308 307 3370 dectip.
317 3322 383 3356 cero.
400 3308 447 3374 (ec,
456 3305 489 3373 s).
504 3307 536 3356 L.
550 3319 571 3358 e.
586 3308 619 3356 D.
630 3309 663 3357 de
677 3308 729 3359 dio.
744 3316 818 3371 temp.
832 3306 877 3373 (44,
886 3307 917 3371 c).
934 3308 967 3358 L,
980 3321 1002 3359 e.
1017 3312 1040 3371 ς.
1052 3321 1074 3359 4.
1089 3310 1120 3358 Ι).

163 3391 217 3425 ren
226 3392 290 3438 pap.
301 3375 346 3441 (to,
356 3376 387 3442 o).
406 3384 487 3440 partes
497 3375 566 3444 dare]
583 3379 619 3440 cf.
628 3378 661 3427 L.
671 3389 692 3430 o.
707 3380 730 3440 5.
741 3392 760 3428 1.
775 3378 808 3426 L.
818 3391 852 3429 ts.
867 3380 907 3440 ἓξ.
918 3392 937 3429 1.
947 3391 980 3430 10.
995 3379 1028 3432 L.
1038 3391 1072 3430 tt.
1087 3380 1119 3426 D.

163 3446 196 3494 de
209 3447 285 3496 solat.
301 3445 345 3508 (so,
359 3447 390 3508 s).
409 3447 516 3495 lideiuss.
531 3445 602 3514 uero]
621 3449 656 3511 af.
671 3450 694 3509 §-
708 3461 729 3498 e
746 3447 770 3496 Ι.
784 3448 807 3497 lc
822 3457 839 3497 t.
854 3448 886 3513 (a,
900 3447 947 3515 eo).
1018 3445 1120 3517 §.122

164 3515 202 3563 lex
214 3510 324 3578 Apuleia]
338 3514 453 3575 sortasse
467 3531 492 3563 a
507 3532 532 3564 aa
546 3528 594 3570 cce
608 3544 641 3554 —
659 3518 697 3580 Of.
712 3518 744 3566 L.
759 3529 794 3569 29.
812 3518 845 3566 D.
860 3519 892 3567 de
902 3520 973 3581 fidei.
988 3518 1033 3584 (aa,
1048 3517 1079 3585 ι).
