2609 3942
445 253 502 289 eru
519 254 610 289 rusum.
630 236 665 289 Π.
685 243 834 292 att-261.
1047 238 1112 304 279

164 391 247 440 totam
262 382 438 439 hereditatem
453 386 597 440 restituere
613 392 725 457 rogatus
742 384 792 455 sit,
813 384 889 441 locus
909 392 952 443 eet
965 386 1114 459 Pegasiano

165 476 272 523 senatus
288 466 423 525 consulto.
457 463 523 525 257.
546 467 593 523 Set
608 470 641 539 is,
658 469 704 541 qui
719 467 802 522 semel
819 469 912 524 adierit
927 470 1113 545 hereditatem,

165 551 186 605 si
201 551 281 607 modo
297 568 345 606 sua
360 548 501 608 uoluntate
516 551 619 621 adierit,
637 552 696 607 siue
711 552 852 606 retinuerit
865 561 986 623 quartam
998 564 1112 629 partem,

164 635 223 689 siue
237 635 354 690 noluerit
369 636 495 705 retinere,
512 637 570 708 ipse
582 637 709 690 uniuersa
722 650 802 690 onera
813 634 972 691 hereditaria
983 639 1112 694 sustinet:

164 725 207 773 set
226 726 317 790 quarta
338 718 445 790 quidem
467 727 570 775 retenta
592 720 669 792 quasi
690 720 775 791 partis
796 727 824 775 et
845 735 895 791 pro
911 729 988 792 parte
1003 721 1113 792 stipula-

164 802 253 857 tiones
267 803 402 875 interpoui
417 801 516 858 dehent
533 810 667 876 tamquam
689 804 761 858 inter
781 805 938 875 partiarium
954 804 1114 877 legatarium

164 894 192 940 et
212 884 349 959 heredem3
373 888 396 941 si
418 902 484 942 uero
506 895 590 942 totam
605 886 780 942 hereditatem
796 889 963 959 restituerit,
978 888 1010 944 ad
1026 904 1114 944 exem·

163 968 237 1041 plum
249 977 339 1024 emtoe
351 976 378 1025 et
390 969 518 1027 uenditae
527 970 684 1026 hereditatis
695 971 886 1043 stipulationes
898 972 1115 1045 interponendae

163 1061 236 1109 suut.
277 1051 346 1110 258.
370 1052 416 1109 Set
437 1055 459 1109 si
479 1064 587 1111 recuset
608 1056 726 1127 scriptus
745 1055 825 1112 heres
851 1055 924 1111 adire
940 1057 1114 1113 hereditatem

164 1136 198 1191 ob
213 1136 248 1201 td,
267 1137 338 1209 quod
355 1137 441 1209 dicat,
462 1154 518 1194 eam
535 1138 585 1194 sihi
599 1150 754 1212 suspectam
778 1155 838 1196 csse
860 1142 936 1212 quasi
951 1141 1112 1213 damnosam,

162 1230 274 1276 cauetur
293 1220 575 1294 Pegasiano'senatus
597 1223 737 1293 consulto,
760 1231 791 1278 ut
812 1222 1050 1293 desiderantem,
1071 1226 1114 1280 eui

162 1306 307 1360 restituere
331 1314 444 1378 rogatus
465 1315 519 1376 est,
546 1309 623 1362 iussu
641 1300 647 1383 Ι
666 1307 798 1380 praetoris
824 1307 902 1362 adeat
926 1315 954 1361 et
978 1309 1171 1378 restituat,121

162 1388 330 1461 proindeque
351 1391 375 1443 ei
396 1391 466 1443 etin
481 1406 559 1460 eum,
576 1392 622 1462 qui
643 1391 791 1461 receperit,
813 1392 931 1444 actiones
951 1389 1064 1462 dentur,
1084 1406 1115 1447 ac

90 1485 151 1533 [eor]
162 1472 230 1526 iuris
246 1478 288 1525 est
304 1485 336 1524 ea
351 1479 459 1525 senatus
475 1473 601 1528 consulto
617 1472 800 1529 Trebelliano:
823 1490 877 1546 quo
893 1489 956 1529 casu
972 1474 1052 1529 nullis
1067 1477 1114 1530 sti·

161 1551 346 1627 palationibus
363 1569 431 1624 opus
448 1563 504 1624 est,
525 1557 586 1627 quia
601 1556 681 1611 simul
697 1565 725 1611 et
739 1556 816 1627 huic,
832 1558 878 1629 qui
892 1559 1020 1621 restituit,
1036 1574 1114 1615 secu·

162 1638 228 1691 ritas
244 1635 335 1704 datur,
351 1642 378 1690 et
392 1636 511 1691 actiones
522 1636 698 1693 hereditariae
714 1640 739 1693 ei
752 1648 779 1694 et
790 1641 816 1694 in
830 1656 890 1695 enm
905 1641 1113 1712 transferuntur,

164 1720 210 1791 qui
225 1718 359 1790 receperit
374 1717 561 1775 hereditatem.
605 1716 673 1776 259.
695 1720 765 1774 Nihil
781 1728 869 1775 autem
885 1724 1008 1790 interest,
1024 1733 1114 1778 utrum

162 1802 260 1874 aliquis
272 1817 305 1856 ex
316 1816 375 1856 asse
386 1801 465 1856 heres
480 1796 644 1859 ’instituted
660 1810 706 1857 aut
721 1810 805 1856 totam
819 1804 993 1859 hereditatem
1010 1813 1114 1878 autpro

164 1894 243 1960 parte
254 1886 398 1941 restituere
411 1893 535 1957 rogetur,
551 1902 584 1941 an
596 1901 628 1941 ea
639 1892 717 1959 parte
730 1885 808 1940 heres
820 1886 961 1942 institutus
974 1898 1020 1944 aut
1031 1896 1115 1945 totam

163 1986 221 2027 eam
237 1977 340 2044 partem
356 1976 402 2024 aut
416 1970 500 2041 partis
515 1976 619 2042 partem
635 1970 779 2024 restituere
793 1977 917 2041 rogetur.
948 1986 1008 2025 nam
1023 1980 1051 2026 et
1064 1971 1116 2028 hoc

163 2070 227 2110 casu
242 2054 275 2109 de
296 2063 391 2126 quarta
411 2061 488 2125 parte
509 2054 566 2108 eius
586 2053 674 2127 partis
693 2053 762 2109 ratio
786 2069 819 2109 ex
833 2052 986 2126 Pegasiano
1007 2063 1115 2109 senatus

163 2137 290 2195 consulto
306 2136 397 2193 haberi
412 2136 492 2192 solet.

226 2215 298 2278 260.
321 2221 415 2277 Potest
430 2229 519 2276 autem
535 2222 649 2293 quisque
673 2223 752 2277 etiam
773 2238 818 2278 res
841 2220 963 2295 singulas
977 2238 1026 2295 per
1041 2220 1115 2278 fidei·

164 2305 335 2362 commissum
345 2304 509 2377 relinquere,
515 2304 591 2360 uelut
601 2303 723 2375 fundum,
737 2306 882 2377 hominem,
893 2315 1007 2377 uestem,
1019 2322 1115 2379 argen-
1200 2333 1203 2338 ⁴

164 2397 233 2460 tum,
249 2389 405 2461 pecuniam3
421 2397 449 2442 et
463 2386 508 2442 uel
524 2388 611 2460 ipsum
626 2388 754 2444 heredem
769 2407 882 2462 rogare,
897 2398 928 2447 ut
943 2390 1021 2447 alicui
1037 2392 1114 2446 resti·
1189 2444 1195 2456 ,

165 2480 235 2543 tuat,
257 2471 302 2528 uel
317 2471 484 2544 legatarium,
507 2474 629 2544 quamuis
652 2489 667 2527 a
689 2472 820 2545 legatario
843 2473 926 2546 legari
941 2490 995 2530 non
1017 2476 1113 2547 possit.

164 2551 228 2615 261.
250 2556 315 2611 ltem
330 2561 423 2630 potest
437 2571 492 2610 non
507 2555 595 2610 solum
618 2556 730 2628 propria
751 2558 891 2611 testatoris
912 2573 956 2611 res
976 2573 1026 2629 per
1039 2556 1114 2613 lidel-

164 2640 337 2696 commissum
352 2638 479 2710 relinqui,
495 2637 542 2693 sed
558 2639 639 2692 etiam
651 2637 759 2693 heredis
775 2638 956 2711 autlegatarii
963 2648 1014 2696 aut
1025 2641 1114 2697 cuius·

164 2722 230 2794 libet
251 2722 376 2779 alterius:
399 2723 490 2793 itaque
511 2729 538 2775 et
553 2719 699 2793 legatarius
715 2736 769 2776 non
785 2720 873 2776 solum
888 2722 920 2776 de
935 2738 965 2777 ea
980 2738 1010 2778 re
1024 2725 1116 2796 rogari

163 2814 264 2880 potest,
286 2815 318 2863 ut
340 2822 397 2862 earn
419 2804 499 2861 alicui
514 2805 649 2876 restituat,
666 2819 734 2877 qnae
757 2806 781 2860 ei
795 2802 886 2878 legata
909 2804 955 2876 sit,
972 2805 1115 2863 sedetiam

237 3022 258 3093 ¹)
271 3026 407 3076 instituatur
425 3025 453 3073 V
452 3020 481 3075 et,

162 3150 375 3159 -——-

234 3216 260 3288 ξ.
275 3222 335 3270 ant.
352 3221 423 3281 εξ.
438 3217 553 3270 crem
575 3217 613 3282 Cf.
629 3217 661 3267 L.
677 3231 710 3269 21.
725 3228 758 3271 45.
778 3218 810 3267 D.
826 3218 862 3267 ad
874 3216 921 3267 SC.
941 3215 1013 3266 teet.
1028 3213 1114 3283 (26.1).

167 3288 223 3353 Uip.
237 3300 271 3348 aa,
286 3300 319 3341 aa.
340 3290 415 3339 Paul.
429 3300 451 3348 4,
461 3301 481 3341 2.
496 3290 520 3349 §-
529 3300 549 3338 2.
568 3304 650 3351 cupra
664 3291 686 3350 §-
698 3299 744 3340 254.
791 3285 816 3356 ξ.
827 3291 887 3339 258.
909 3288 947 3352 Of.
966 3287 1020 3351 Utp.
1036 3298 1070 3345 aa,
1080 3300 1113 3339 1e.

164 3359 240 3409 Paul.
255 3371 277 3419 e,
289 3371 311 3410 4.
326 3361 364 3421 ξς.
380 3371 449 3410 2-2.
512 3353 538 3427 ξ.
553 3360 613 3409 259.
629 3361 700 3421 =§.
715 3370 735 3410 a.
750 3358 773 3407 I.
788 3360 812 3407 h.
827 3366 844 3410 t.
860 3357 890 3420 (2,
905 3356 949 3425 22).
1012 3354 1038 3428 ξ.
1053 3361 1113 3411 260.

162 3450 198 3472 ==
212 3445 256 3493 pr.
271 3428 294 3478 Ι.
309 3430 340 3479 dc
354 3432 421 3495 einp.
435 3429 489 3479 reb.
500 3444 528 3492 p.
540 3429 622 3493 fdcae.
639 3427 670 3495 (2,
685 3427 730 3494 et).
752 3429 790 3478 uel
809 3425 959 3497 legatarium]
979 3430 1013 3493 cf.
1029 3432 1051 3492 §-
1067 3441 1114 3481 att.

167 3499 222 3563 Ulp.
242 3509 333 3557 ahio.
405 3496 592 3568 §261.=§.
608 3513 627 3549 1.
651 3499 674 3549 I.
693 3501 749 3549 eod.
773 3498 827 3563 ΜΡ.
846 3511 885 3560 25,
904 3511 923 3552 a.
953 3501 1073 3558 Paule,
1093 3510 1114 3552 1.

161 3572 202 3633 aa
216 3581 237 3620 c.
251 3581 272 3622 a.
