2609 3942
440 241 502 277 out
522 243 621 278 rassin.
640 224 689 278 IV.
708 232 849 284 rot-lon.
1061 229 1123 294 397

166 393 213 439 aut
236 382 334 456 quibas
356 374 594 460 ’(asumfraetam
616 385 663 439 uel
684 398 766 440 usam
788 377 1052 461 eon)stituerimus‚¹
1073 388 1125 460 ipsi

164 467 305 541 possidere
322 467 456 522 uidemur:
480 474 508 521 et
530 466 582 521 hoe
604 475 661 536 est,
685 466 758 540 quod
778 467 863 541 uolgo
883 467 990 539 dicitur,
1013 472 1124 527 retineri

165 551 366 625 possessionem
388 566 470 623 posse
485 565 534 623 per
549 549 712 622 quemlibet,
735 553 781 622 qui
796 560 891 609 nostro
913 553 1022 609 nomine
1041 555 1076 609 sit
1095 556 1123 610 in

167 635 349 709 possessione.
386 635 546 706 quinetiam
561 633 684 706 plerique
699 643 806 707 putant,
826 637 915 691 auimo
931 652 1040 710 quoque
1056 641 1122 693 reti-

166 720 226 774 neri
244 718 457 791 possessionem,
474 715 525 789 ’(ut
541 719 662 788 sedicet,
678 722 810 791 quamuis
821 735 914 792 neque
929 723 987 791 r‘psr‘
996 724 1083 778 simas
1094 725 1123 777 r'n

160 795 358 877 possessione)
374 817 463 874 neque
477 808 573 857 nostro
589 802 699 857 nomine
718 801 801 872 alius,
821 809 911 860 tamen
932 805 955 859 si
973 820 1028 860 non
1042 804 1123 859 reiin·

166 885 288 960 quendae
302 886 486 959 possessionis
501 886 600 954 animo,
621 885 669 940 sed
684 894 779 959 postea
794 889 930 943 reuersuri
948 887 1010 943 inde
1025 887 1124 943 diseas·

166 971 291 1040 serimus,
311 970 430 1025 retinere
452 970 652 1042 possessionem
673 964 837 1028 uideamur.²
870 973 951 1045 apisci
973 987 1038 1027 uero
1060 987 1123 1045 pos·

100 1061 154 1115 {ers}
166 1055 313 1109 sessionem
326 1067 450 1126 perquos
461 1053 607 1125 possimus,
620 1052 738 1109 seeundo
749 1056 941 1111 commentario
953 1055 1121 1119 rettudimus;

165 1153 215 1193 nee
232 1137 285 1193 aila
306 1135 439 1192 dubitatio
462 1143 519 1206 est,
541 1138 606 1210 quin
628 1137 718 1193 animo
740 1141 942 1211 possessionem
964 1140 1045 1212 apisci
1068 1155 1123 1196 non

165 1223 311 1294 possimus.
348 1218 412 1277 154.
436 1220 633 1294 Reciperandae
648 1223 829 1294 possessionis
851 1239 930 1278 eausa
952 1223 1023 1278 solet
1040 1225 1124 1279 inter·

166 1305 265 1361 dictum
288 1304 359 1374 dari,
382 1306 405 1360 si
428 1307 488 1378 quis
511 1321 543 1360 ex
565 1306 740 1376 possessione
755 1306 783 1359 ui
805 1305 925 1361 deiectus
948 1307 998 1360 sit:
1020 1321 1080 1360 nam
1099 1306 1124 1361 ei

164 1389 328 1461 proponitur
342 1387 526 1456 interdictum,
546 1389 623 1442 euius
638 1387 802 1460 principium
817 1397 860 1443 est
873 1404 956 1446 rnna
971 1405 1012 1445 nv
1026 1404 1124 1447 inavit

164 1488 198 1529 vl
212 1485 387 1540 nu1norsu1,
410 1487 460 1543 per
475 1469 548 1543 quod
563 1472 596 1540 is,
619 1471 666 1543 qni
681 1469 793 1541 deiecit,
815 1471 925 1545 cogitur
939 1473 964 1528 ei
978 1473 1123 1529 restituere

164 1556 204 1610 rei
225 1556 437 1628 possessionem,
459 1555 488 1608 sp
505 1553 586 1609 ruodo
601 1555 640 1623 is,
663 1555 709 1626 qui
730 1553 850 1611 deiectus
874 1564 933 1627 est,
955 1571 1006 1612 neo
1026 1556 1053 1611 ui
1074 1571 1124 1611 nee

166 1638 233 1694 ciam
245 1655 295 1694 nee
305 1638 430 1711 precario
442 1633 502 1710 '(od
515 1629 562 1710 eo)
571 1636 748 1708 possideret:
763 1655 885 1711 namque
896 1631 984 1708 eura,a
998 1641 1045 1711 qui
1056 1656 1070 1693 a
1082 1654 1124 1694 nne

165 1721 193 1777 ui
209 1731 255 1778 aut
270 1722 338 1778 eiam
353 1730 399 1776 aut
414 1721 535 1793 precario
550 1714 707 1792 ’possidet‚⁴
721 1722 822 1794 inpune
837 1717 947 1779 deiaio.⁵
968 1719 1028 1779 155.
1040 1722 1123 1778 inter·

165 1804 230 1861 dum
250 1814 337 1859 tamen
359 1805 409 1859 etsi
429 1818 490 1858 eum
511 1804 539 1858 ui
559 1803 712 1873 deiecerim,
736 1806 782 1875 qui
802 1820 875 1860 ame
891 1806 917 1860 ui
933 1814 980 1863 aut
995 1806 1061 1860 eiam
1076 1814 1124 1861 aut

163 1889 287 1961 precario
303 1886 465 1959 possideret,
481 1902 567 1959 sogor
580 1889 606 1942 ei
621 1889 767 1943 restituere
781 1890 992 1961 possessionem,
1011 1889 1086 1945 uelut
1100 1891 1123 1945 si

166 1972 246 2025 armis
263 1986 324 2024 aum
337 1970 365 2024 ui
376 1969 531 2025 deiecerinr:
548 1987 608 2025 uam
621 1980 735 2043 propter
744 1972 914 2028 atrocitatem
925 1972 1017 2029 delicti
1026 1974 1054 2028 in
1065 1981 1124 2028 tau·

239 2099 260 2167 ¹)
279 2101 354 2150 Haeo
373 2103 491 2152 omittant
509 2103 566 2152 edd.
585 2103 663 2152 eiiam
681 2118 736 2153 mea
754 2105 842 2167 prior.
861 2112 874 2152 a
895 2105 980 2169 quihus
999 2106 1124 2166 gratuitam

165 2169 346 2241 habitaitiouem
367 2171 392 2221 G.
408 2172 538 2236 Apparet,
559 2172 695 2224 librariam
711 2176 762 2225 dae
776 2173 886 2225 membra
900 2177 1040 2233 orationis,
1059 2191 1124 2239 qaae

166 2245 297 2306 incipiunt
315 2250 356 2291 aut
374 2243 460 2305 quibus
479 2245 629 2307 confudisse
647 2252 671 2293 et
690 2261 747 2295 cram
761 2252 823 2309 post
839 2247 964 2310 seriptum
983 2248 1125 2309 praeacuti

165 2313 333 2363 aberrassent
345 2313 381 2362 ad
394 2310 623 2378 (consonuimus,
640 2318 762 2380 velletque
776 2318 894 2366 orne‘ssara
908 2315 1044 2366 membrum
1057 2317 1125 2381 qnod

161 2386 312 2447 proximam
333 2390 371 2432 est
396 2389 456 2431 ante
478 2383 527 2433 itae
545 2383 648 2433 verbam
670 2386 860 2444 transcribere,
883 2402 977 2437 narsus
999 2390 1027 2437 in
1046 2389 1125 2452 prior

165 2454 300 2504 membrana
314 2454 445 2503 incidisse.
467 2451 540 2502 Gerae
554 2454 778 2516 usufructuariam
792 2465 818 2507 et
831 2460 964 2508 asoarium
979 2457 1060 2508 Gaias
1073 2473 1125 2508 non

166 2526 257 2574 omisit.
272 2524 414 2574 Iustiniani
421 2538 481 2573 aero
492 2522 577 2572 Instit.
587 2523 630 2572 itio
639 2538 717 2574 error
726 2531 755 2573 at
764 2527 840 2576 etiarn
849 2530 959 2578 alterius
968 2527 1124 2587 breviarem,

166 2597 272 2645 movisse
287 2595 397 2645 nideror.
454 2589 477 2659 ²)
489 2593 564 2643 Haeo
573 2595 629 2644 loeo
640 2601 716 2644 antea
730 2596 813 2643 variis
827 2599 985 2646 coniectaria
994 2614 1010 2647 α
1023 2615 1060 2648 rne
1069 2606 1123 2648 ten·

165 2672 219 2716 tato
229 2667 364 2729 praestitit
378 2660 430 2722 1²³⁸,
443 2664 490 2712 sed
502 2663 533 2714 ab
547 2679 688 2714 renarrans
701 2680 724 2713 a.
738 2667 891 2727 possessione
906 2674 996 2729 aperte
1010 2683 1124 2718 mancas.

166 2736 245 2785 simili
258 2738 432 2799 supplemento
446 2735 471 2783 ei
483 2733 656 2784 subvenerant
677 2733 808 2784 Gondamit
826 2741 851 2783 et
864 2736 903 2784 ed.
918 2735 992 2785 Stad.
1058 2735 1079 2802 3)
1094 2739 1124 2787 ab

165 2819 195 2854 eo
205 2813 266 2869 post
279 2802 424 2871 p(reoario),
438 2806 514 2868 qnasi
526 2807 652 2868 seriptum
665 2811 731 2854 esset
744 2805 839 2868 pannio,
856 2805 984 2868 faoiilime
998 2806 1125 2857 librarios

166 2878 282 2926 omittere
292 2882 410 2939 poterat3
424 2876 518 2924 deinde
527 2882 593 2939 pato
604 2875 689 2938 fuisse
703 2875 809 2938 psideret
819 2873 985 2941 e(nim)u(ero)
995 2874 1079 2942 (immo
1089 2879 1126 2927 ad

166 2961 267 3009 namque
289 2947 388 2996 dooant
405 2943 495 3008 Sappl.
510 2944 587 3008 Sap.
605 2943 754 3009 XXXIII)
772 2959 826 2993 eum
845 2973 878 2982 -
899 2942 1051 3009 ‘possideret
1069 2946 1123 3012 (ab)

166 3019 246 3065 altero
266 3013 335 3066 oum'
356 3023 380 3065 et
400 3017 494 3078 inflas
515 3012 587 3065 ‘deici
603 3013 700 3079 potest’
715 3017 756 3066 ed.
769 3015 843 3065 stud.
858 3016 905 3066 sed
922 3016 995 3066 altero
1013 3019 1124 3080 spatam

166 3103 218 3137 non
232 3088 310 3151 oapii.
379 3082 400 3151 ⁴)
414 3086 551 3149 possideret
569 3082 624 3136 Vii.
688 3084 709 3152 ⁶)
723 3085 768 3135 Ea
784 3085 903 3151 Iiitinpa'i
921 3089 967 3149 apl,
987 3088 1031 3137 eoi
1048 3089 1124 3137 etiam

165 3164 243 3207 anteo
261 3171 316 3207 eum
333 3156 448 3205 debetur.
472 3156 508 3206 Et
526 3158 565 3206 sie
584 3164 664 3207 totam
678 3160 772 3216 laeam,
790 3164 817 3205 oi
831 3172 890 3216 nos,
908 3158 954 3207 aed
967 3160 1062 3207 laeana
1071 3173 1124 3222 pro

166 3242 267 3291 namque
282 3228 375 3276 relicta
390 3226 439 3275 Kr.
454 3228 494 3276 ed.
508 3237 529 3277 a.

237 3354 262 3426 ξ.
279 3360 338 3408 154.
365 3357 402 3421 Os.
422 3359 446 3418 ἃ.
464 3369 485 3411 o.
505 3357 709 3422 Leo.1:.1pr.
728 3358 761 3407 D.
780 3359 812 3408 de
830 3360 857 3407 oi
875 3356 982 3425 (as,1s).
1009 3358 1124 3421 Oiopro
1289 3376 1291 3419 r

168 3429 241 3479 Gaea.
257 3440 291 3490 le,
305 3440 339 3479 sl.
354 3440 388 3479 aa.
403 3443 456 3491 pra
473 3427 538 3478 Iuli.
549 3440 583 3480 so.
597 3440 685 3492 etseq.
700 3430 736 3478 ad
747 3429 831 3492 famil.
849 3440 869 3491 t,
879 3441 913 3481 ιε.
928 3429 1039 3480 deerat.
1055 3442 1075 3491 1,
1090 3441 1124 3481 10.
1289 3422 1290 3461 ¹

165 3500 189 3560 ς.
203 3511 239 3550 er.
255 3499 332 3547 Paul.
347 3509 368 3560 s,
383 3510 401 3548 e.
417 3500 457 3559 ἐξ.
472 3510 541 3550 s-a.
608 3494 633 3566 §-
649 3499 709 3550 155.
730 3498 768 3562 Os.
786 3499 839 3549 Otc.
849 3515 902 3564 pro
918 3500 990 3551 anc.
1006 3512 1026 3552 a.
1038 3511 1124 3566 raseq.
1288 3466 1290 3547 i

166 3581 191 3622 a
205 3582 258 3634 seq.
268 3584 321 3633 pro
340 3568 404 3618 rura
418 3579 453 3621 so.
468 3579 502 3621 a.
520 3570 553 3619 a.
568 3580 588 3620 s.
603 3571 645 3632 ss.
659 3582 741 3621 s-n.
757 3570 789 3620 a.
802 3582 835 3621 ιι.
850 3572 882 3623 a.
898 3572 930 3623 ae
944 3574 971 3623 a
984 3571 1028 3640 (a,
1043 3570 1089 3639 la).
1286 3554 1290 3645 i
