2609 3942
456 199 514 237 11111
531 201 622 236 naama.
641 183 675 235 II.
690 188 803 239 tta-85.
1043 183 1107 247 239

156 347 238 389 snam
260 345 322 388 esse
340 323 462 403 petere.¹
503 330 577 387 unde
598 331 630 386 tle
651 331 754 404 pupillo
776 332 882 405 quidem
899 333 1052 406 quaeritur,
1075 348 1107 389 an

127 421 130 425 “
156 416 279 472 ’nummis
305 415 350 486 t'is,
375 429 444 488 quos
466 422 575 470 mutuos
598 414 681 479 dedit,
704 414 737 471 ab
760 431 810 484 eo,
833 419 878 491 qui
901 417 1011 489 accepit,
1040 433 1106 474 con·

157 502 263 569 sumtis,
282 506 287 562 Ι
304 501 397 572 aliqua
413 500 519 554 actione
534 514 582 554 eos
599 500 726 571 persequi
741 501 843 571 possit,
866 501 992 573 quoniam
1011 504 1075 559 nilsi
1089 519 1107 556 a

153 585 316 655 possidente
342 583 487 640 uindicari
509 598 564 637 non
590 575 707 655 potest²
749 579 800 639 83.
823 582 870 639 ’At
893 599 925 640 ex
951 582 1107 646 contrario!

155 682 252 724 onmes
271 673 393 723 restam
413 668 542 737 mancipi
554 658 661 738 qnam³
682 683 735 723 nec
749 669 863 740 mancipi
879 666 1039 723 mulieribus
1058 664 1063 739 Ι
1082 674 1158 730 etna,

156 750 267 824 pupillis
281 754 343 806 sine
358 751 457 805 tutoris
477 751 638 805 auctoritate
658 749 730 806 solni
753 760 880 822 possunt,
904 751 1028 824 quoniam
1051 765 1107 805 me·

84 841 143 889 [164]
155 836 250 891 liorem
265 834 450 890 condicionem
473 849 547 888 suam
564 834 653 888 lacere
676 835 707 888 iis
729 835 808 890 etiam
824 836 882 891 sine
904 835 1002 890 tutoris
1017 842 1109 890 aucto·

155 921 235 974 ritate
246 933 407 988 ‚concessum
423 923 475 973 est.
512 913 561 974 84.
584 916 675 990 ltaque
689 920 712 972 si
727 918 835 975 debitor
849 920 990 992 pecuniam
1005 917 1108 990 pupillo

154 1001 255 1071 soluat,
273 1002 334 1057 lacit
350 1000 458 1075 quidem
474 1002 613 1073 pecuniam
630 1001 740 1073 pupilli,
759 1002 807 1057 sed
823 1004 881 1075 ipse
897 1019 951 1058 non
968 1002 1108 1073 liberatur,

156 1087 217 1159 qula
248 1084 349 1141 nnllam
376 1084 566 1157 obligationem
592 1085 712 1158 pupillos
738 1090 796 1141 sine
823 1089 922 1142 tutoris
948 1087 1108 1142 auctoritate

154 1170 304 1226 dissoluere
325 1178 432 1243 potest,
451 1167 505 1224 'cui
525 1184 579 1225 nee
601 1162 703 1224 ulliusl
723 1172 762 1226 rei
783 1170 909 1226 alienatio
931 1172 988 1225 sine
1011 1171 1108 1226 tutoris

155 1256 314 1310 auctoritate
329 1269 456 1309 concessa
471 1261 527 1320 est3
543 1261 586 1309 set
602 1261 690 1308 tameo
702 1255 724 1308 si
736 1270 768 1308 ex
780 1270 810 1308 ea
822 1256 935 1327 pecunia
948 1253 1109 1324 locupletior

155 1337 241 1393 lactus
263 1339 309 1408 sit,
332 1346 359 1392 et
380 1336 466 1391 adlruo
486 1343 572 1409 petat,
592 1352 642 1409 per
663 1330 846 1409 exceptionem
874 1337 928 1391 doli
953 1336 1013 1391 mall
1036 1353 1107 1391 sum·

155 1422 259 1476 mouerl
273 1428 374 1494 potest.
404 1416 450 1477 85.
466 1419 569 1475 liulieri
585 1435 651 1474 uero
667 1422 745 1475 etiarn
761 1421 819 1475 sine
836 1422 933 1476 tutoris
949 1421 1109 1476 auctoritato

156 1512 231 1560 recte
245 1504 316 1559 solui
330 1510 437 1575 potest:
458 1519 518 1558 nam
534 1505 580 1575 qui
594 1503 691 1566 soluit,
709 1502 836 1559 liberator
852 1504 1032 1576 obligatione,
1048 1507 1109 1577 qma

156 1603 201 1643 res
222 1603 272 1642 nec
292 1587 422 1658 mancipi,
444 1593 475 1640 ut
495 1588 616 1658 proxime
636 1586 763 1649 diximus,
783 1604 796 1642 a
813 1605 842 1644 se
863 1588 998 1644 dimittere
1014 1588 1110 1644 mulier

157 1672 238 1727 etiam
258 1670 317 1724 sine
337 1670 436 1723 tutoris
451 1671 613 1724 auctoritate
628 1676 734 1740 potest:
757 1687 916 1744 quamquam
939 1674 990 1728 hoc
1005 1675 1042 1727 ita
1057 1680 1109 1743 est,

157 1755 181 1810 si
196 1754 308 1826 accipiat
323 1752 480 1824 pecnniam;
496 1757 523 1806 at
538 1752 561 1805 si
576 1767 630 1805 non
645 1752 773 1823 accipiat,
796 1761 838 1807 set
853 1750 980 1808 ‘heberei
996 1771 1025 1809 se
1040 1755 1110 1810 dicat

159 1847 187 1895 et
203 1854 253 1911 per
267 1836 497 1908 acceptilationem
515 1834 581 1890 uelit
595 1833 747 1889 debitorem
762 1836 820 1890 sine
837 1838 936 1891 tutoris
952 1839 1111 1893 auctoritate

158 1921 282 1993 liberare,
298 1937 353 1975 non
369 1927 469 1992 potest.

156 2036 370 2049 ...ιη-η,-

230 2087 250 2157 ¹)
265 2090 361 2138 Priore
374 2088 537 2138 restitutione
550 2088 578 2137 in
593 2088 633 2136 ed.
648 2099 669 2138 a.
685 2087 749 2137 daec
762 2087 799 2137 ad
812 2102 925 2138 nummos
933 2090 1032 2152 pnpilli
1044 2092 1111 2139 mala

154 2162 206 2224 fide
224 2165 385 2223 consumptos
401 2161 548 2215 retuleram.
584 2156 637 2207 Sed
654 2173 689 2207 ecc
712 2158 739 2206 V
740 2155 768 2217 ἢ,
787 2174 843 2208 carn
861 2157 932 2208 Sans
950 2167 1067 2219 testetur,
1087 2168 1112 2210 et

160 2230 287 2281 Gdscieni
302 2231 424 2279 lectiones
437 2229 461 2278 lt.
477 2231 493 2277 l.
510 2230 696 2278 incertissimas
709 2243 764 2278 esse
778 2245 825 2279 nec
839 2230 925 2279 videri
938 2229 975 2279 ibi
991 2231 1024 2280 de
1043 2234 1110 2282 mala

154 2302 207 2364 fide
220 2307 304 2349 aetam
315 2300 406 2362 fnisse,
421 2300 471 2348 iarn
485 2301 539 2348 alia
549 2301 582 2362 ej.
596 2314 684 2348 aenam
697 2314 797 2349 senswn
807 2300 869 2349 milti
879 2301 969 2350 videar
978 2310 1111 2352 assecutas

158 2384 221 2420 esse.
248 2368 379 2432 Scriptum
394 2369 477 2432 faisse
491 2371 585 2433 posui:
602 2370 658 2419 mul.
678 2384 736 2418 uero
754 2386 770 2433 p
790 2371 863 2419 mutui
881 2373 1018 2430 {actionem
1036 2388 1049 2421 a
1068 2388 1109 2422 reo

158 2455 212 2505 pec.
226 2447 335 2503 repetere
349 2446 428 2503 potest
440 2440 478 2489 s'ri
493 2448 536 2489 sna
555 2456 583 2489 ee
596 2447 695 2504 petiere.
724 2441 813 2489 Minas
827 2444 915 2503 placet
930 2442 1014 2507 Krip.
1035 2446 1110 2493 etiam

158 2512 286 2562 audacias
298 2512 396 2573 suppl:
414 2507 515 2559 ‘mulier
533 2526 596 2562 nera
614 2512 714 2560 minime
735 2511 784 2560 ltoc
802 2511 876 2562 moda
895 2521 1004 2575 repetere
1021 2522 1110 2575 potest,

156 2588 196 2632 aet
210 2584 261 2631 ita:
279 2582 340 2631 dari
354 2580 405 2630 sibi
417 2578 560 2644 oportere'3
575 2583 645 2631 nollo
661 2581 734 2630 modo
749 2581 932 2630 admittendum
947 2583 1111 2632 Mommseni:

159 2649 252 2717 ‘neque
265 2659 348 2701 tamen
360 2652 452 2701 stricto
466 2652 521 2700 inre
535 2658 617 2712 petere
631 2656 711 2712 potest
726 2650 773 2698 sibi
787 2665 831 2699 eos
844 2651 906 2699 dari
919 2651 1056 2715 oportere'.

159 2719 181 2790 ²)
195 2723 281 2772 Etiam
294 2723 357 2772 leaeo
370 2723 497 2771 sententia
506 2735 541 2769 eac
556 2721 583 2769 V
584 2716 605 2752 ¹²
618 2722 697 2768 aliter
711 2727 786 2783 atque
796 2720 835 2768 ed.
846 2731 866 2770 a.
881 2724 1040 2772 restituenda
1047 2724 1109 2786 fnit.

159 2793 240 2844 Notas
250 2794 334 2857 fuisse
344 2794 423 2856 posui
436 2792 464 2840 in
475 2789 564 2857 i(unt),
579 2790 625 2839 nisi
639 2797 665 2838 et
678 2790 824 2852 possidente.
858 2790 974 2855 Vestipia
993 2809 1015 2841 o.
1030 2794 1110 2855 possi·

158 2866 228 2914 dente
248 2871 274 2914 et
294 2863 410 2912 uindicari
428 2868 556 2925 apparent
576 2862 603 2909 in
623 2858 717 2909 Sched.
738 2858 907 2909 Btaltmianis.
943 2862 1005 2910 Alia
1027 2866 1110 2926 suppl.

157 2935 307 3000 Krip.alia
323 2933 434 2983 Mamaos.
485 2928 614 2997 ”JGdsolt
628 2937 732 2980 secatus
745 2931 855 2978 restitui.
903 2927 925 2995 ⁴)
942 2931 1059 2980 carreni.
1076 2933 1110 2995 cf.

156 3017 178 3065 t,
188 3016 222 3057 64.
241 3004 296 3069 quia
310 3003 396 3052 nullius
409 3002 502 3052 deinde
512 3009 574 3065 post
590 3001 700 3050 alienatio
715 3001 806 3049 addita
816 3015 877 3050 once
892 3001 914 3048 ei
926 3001 951 3049 G.
967 3001 1024 3050 edd.
1036 3004 1112 3051 etiarn

156 3091 227 3127 meae
236 3077 350 3139 priores.
410 3070 431 3139 ⁶)
446 3075 463 3122 i.
478 3087 500 3121 e.
515 3079 645 3136 acceptant
659 3071 761 3129 habere,
776 3078 801 3120 et
811 3071 927 3134 fortasse
940 3071 1040 3120 excidit
1056 3069 1111 3122 ‘ac-

157 3143 276 3211 ceptam’.
302 3145 340 3208 Cf.
350 3157 371 3194 1.
386 3143 408 3193 Ι.
423 3143 491 3208 qaid.
506 3143 571 3195 mod.
590 3141 639 3193 odi.
649 3143 702 3192 toll.
718 3140 805 3207 (1119).
819 3141 852 3191 L.
868 3153 887 3193 t.
903 3143 935 3191 D.
945 3143 978 3191 de
992 3145 1110 3206 acceptit.

157 3217 202 3285 (41,
216 3216 241 3283 4)
254 3224 279 3266 et
293 3216 366 3279 infra
380 3227 400 3274 a,
415 3226 461 3267 loe.

156 3322 370 3333 .——---—

228 3380 253 3452 ξ.
268 3387 310 3435 83.
331 3383 409 3447 Cf.§.
424 3393 445 3435 t.
461 3381 483 3431 I.
499 3384 543 3432 ait.
553 3381 684 3446 pr.I.de
698 3387 766 3430 auct.
780 3385 826 3429 tat.
841 3378 873 3446 (1,
887 3377 932 3446 21).
976 3377 1054 3449 584.
1072 3380 1110 3445 Of.

156 3457 181 3518 β.
196 3465 216 3505 t.
231 3454 253 3504 I.
268 3456 312 3504 cit.
327 3454 387 3518 ibiq.
407 3453 536 3516 ilreoplrit.
553 3452 605 3502 Cic.
623 3451 684 3515 Tap.
700 3464 725 3503 11
740 3452 796 3499 init.
867 3446 893 3521 fi
909 3453 951 3502 86.
973 3451 1011 3515 Os.
1026 3463 1047 3511 a,
1062 3464 1109 3504 111.

158 3525 212 3576 Oia.
226 3526 243 3574 l.
258 3541 280 3575 c.
294 3522 413 3590 proxime]
428 3525 451 3584 ς.
466 3534 500 3575 to.
