2609 3942
196 213 238 277 27
242 213 260 277 8
473 229 533 266 cen
550 229 642 265 marm.
660 210 696 264 II.
714 216 863 265 264-256.

195 370 290 433 tatem,
305 361 381 433 quasi
391 359 482 417 heredi
493 368 521 415 et
534 362 563 415 in
575 358 702 415 heredem
717 359 780 414 dare
791 359 892 431 coepit,
904 373 1006 432 eaeque
1018 360 1046 415 in
1058 358 1149 415 edicto

196 453 397 518 proponuntur.
432 441 500 500 254.
525 443 577 499 Sed
592 459 689 498 rursus
703 445 765 516 qnia
779 442 895 499 heredes
909 444 1013 515 scripu,
1029 458 1091 499 cnm
1103 451 1149 499 aut

196 537 280 584 totam
295 528 470 585 hereditatem
486 535 531 584 aut
547 543 633 601 paene
644 534 729 583 totam
741 527 901 600 plerumque
911 527 1056 582 restituere
1069 543 1150 600 roga·

195 610 310 682 bantur,
335 612 408 668 adire
433 611 609 668 hereditatem
631 610 667 667 ab
688 611 792 666 nullum
811 617 859 666 aut
879 612 1018 666 minimum
1043 610 1149 667 lucrum

195 694 367 768 recusabant,
382 704 463 769 atque
478 695 513 752 ob
528 695 555 751 id
570 694 797 768 extinguebantur
812 693 1029 764 fideicommissa,
1040 694 1149 767 'postea

195 774 317 853 Pegaso¹
339 787 369 835 et
388 779 505 835 Pusione
521 775 705 850 (canentibus)
725 786 836 835 senatos
857 780 979 849 censuit,
1001 784 1031 833 nt
1047 780 1086 848 ei,
1102 780 1150 852 qui

195 872 309 937 rogatus
324 871 398 919 esset
413 863 591 919 hereditatem
605 864 767 938 restituere,
789 861 904 936 proinde
918 861 1013 918 liceret
1027 871 1149 933 quartam

195 957 299 1020 partem
314 947 442 1016 retinere,
458 955 539 1019 atque
553 963 568 1002 e
583 946 645 1019 lege
659 944 772 1002 Falcidia
783 948 811 1001 in
822 945 918 1018 legatis
927 945 1074 1003 'retinendi
1085 939 1149 1003 ius²

195 1029 368 1086 conceditur:
388 1044 419 1084 er
434 1030 551 1102 singulis
566 1045 677 1102 qnoque
692 1030 791 1100 rebus,
813 1045 882 1102 qnae
896 1045 947 1103 per
961 1029 1149 1088 fideicommis-

195 1129 255 1169 sum
275 1112 485 1186 relinquantur,
510 1113 604 1170 eadem
623 1115 742 1169 retentio
767 1115 898 1187 permissa
917 1121 968 1170 est
1004 1132 1054 1188 per
1074 1115 1220 1188 quantum

194 1204 303 1253 senatus
319 1196 474 1253 consultum
489 1198 548 1271 ipse
564 1192 667 1270 (heres)
685 1213 766 1253 onera
777 1197 939 1254 hereditaria
953 1201 1086 1267 sustinet3
1102 1198 1149 1255 ille

195 1290 300 1351 autem,
321 1283 368 1353 qui
382 1297 414 1337 ex
437 1279 643 1338 fideicommissa
659 1281 789 1354 reliquam
809 1289 914 1355 partem
929 1277 1088 1339 hereditatis
1104 1298 1148 1338 re·

194 1366 269 1437 cipit,
284 1364 409 1437 legatarii
421 1367 544 1438 partiaria·
556 1364 620 1421 loco
635 1373 687 1437 est,
703 1364 729 1421 id
745 1372 787 1421 est
801 1368 859 1422 eius
875 1365 1011 1440 legatarii,
1026 1369 1070 1423 cni
1083 1383 1147 1440 pars

193 1446 327 1504 bonorum
341 1448 462 1521 legatum
484 1465 552 1521 quae
572 1450 678 1522 species
698 1448 782 1520 legati
801 1450 911 1522 partitio
934 1460 1063 1520 uocatur,
1086 1451 1149 1522 qnia

194 1548 256 1588 cum
270 1532 369 1588 herede
383 1532 529 1606 legatarius
546 1533 660 1605 partitur
669 1532 860 1588 hereditatem:
876 1533 947 1589 unde
959 1534 1083 1590 effectum
1095 1542 1147 1604 est,

194 1623 225 1670 nt
240 1631 309 1688 quae
323 1615 617 1689 solent'stipulationes
631 1618 703 1672 inter
716 1615 843 1672 heredem
859 1624 888 1674 et
901 1619 1057 1690 partiarium
1072 1618 1147 1691 iega-

192 1700 291 1755 tarium
305 1701 451 1774 interponi,
462 1700 572 1756 eaedem
582 1700 792 1775 interponantur
802 1702 874 1756 inter
884 1716 956 1772 eum,
972 1705 1018 1774 qui
1029 1718 1061 1758 er
1072 1700 1148 1756 fidei·

192 1785 329 1840 commissi
344 1801 424 1841 causa
438 1786 536 1858 recipit
550 1784 737 1857 hereditatem,
752 1791 781 1839 et
795 1784 938 1855 heredem,
955 1785 982 1840 id
997 1792 1050 1857 est,
1074 1793 1104 1841 ut
1119 1791 1148 1840 et

192 1867 298 1924 lucrum
312 1877 340 1924 et
354 1869 480 1925 damnum
495 1867 685 1925 hereditarium
701 1884 751 1942 pro
767 1876 824 1924 rata
839 1877 915 1942 parte
927 1870 999 1925 iuter
1013 1885 1061 1925 eos
1072 1885 1148 1925 com·

194 1967 275 2008 mune
294 1954 339 2010 sit.
382 1948 458 2011 2bb.-
472 1952 543 2023 Erga
563 1952 695 2025 siquidem
716 1968 772 2008 non
786 1951 848 2024 pius
864 1968 943 2026 quam
958 1953 1115 2009 dodrantem
1140 1945 1145 2030 Ι

126 2038 183 2088 120.
194 2035 352 2093 hereditatis
372 2038 490 2109 scriptus
505 2037 583 2091 heres
597 2044 709 2108 rogatus
729 2037 766 2092 sit
780 2038 940 2108 restituere,
960 2045 1019 2093 tum
1034 2053 1067 2093 ex
1082 2037 1147 2092 Tre·

194 2119 308 2175 belliano
323 2127 433 2175 senatus
449 2118 574 2174 consulto
589 2120 744 2174 restituitur
758 2120 903 2190 hereditas,
919 2129 948 2176 et
961 2122 989 2176 in
999 2130 1146 2193 utrumque

194 2205 314 2259 actiones
325 2201 502 2257 hereditariae
513 2218 564 2274 pro
575 2211 634 2257 rata
645 2211 723 2276 parte
736 2202 843 2274 dantur,
858 2206 886 2260 in
898 2204 1024 2260 heredem
1036 2205 1146 2278 quidem
1170 2197 1178 2212 '

192 2287 252 2342 iure
271 2284 360 2354 ciuili,
377 2286 404 2340 in
419 2300 480 2340 enm
495 2301 577 2356 uero,
599 2288 645 2359 qui
659 2288 755 2361 recipit
769 2288 960 2359 hereditatem,
982 2304 1015 2344 ex
1034 2297 1145 2345 senatus

193 2369 321 2425 consulto
339 2368 525 2437 Trebellian03
552 2387 712 2443 quamquam
733 2372 812 2429 heres
831 2373 910 2427 etiam
931 2387 982 2446 pra
1002 2388 1033 2429 ea
1056 2380 1145 2446 parte,

193 2468 273 2525 quam
287 2453 417 2524 restituit,
432 2454 512 2509 heres
527 2462 676 2527 permanet,
693 2457 771 2528 eique
786 2457 856 2511 etin
871 2472 934 2511 enm
944 2455 1051 2513 solidae
1062 2458 1146 2513 actio·

193 2552 242 2592 nes
262 2545 432 2610 competunt;
452 2536 500 2594 sed
521 2554 576 2595 noa
596 2538 711 2594 ulterius
733 2547 879 2610 oneratur,
900 2554 951 2596 nec
970 2539 1085 2596 ulterius
1107 2539 1147 2595 illi

194 2619 292 2676 dantur
311 2622 446 2691 actiones,
466 2637 543 2695 quam
566 2624 640 2695 apud
658 2638 720 2678 enm
741 2623 911 2681 commodum
931 2623 1085 2680 hereditatis
1101 2639 1146 2679 re·

194 2711 293 2761 manet.
343 2700 411 2763 256.
438 2708 473 2762 tt
498 2707 521 2760 si
541 2707 602 2779 quis
622 2706 685 2780 plns
710 2721 789 2779 quam
814 2707 972 2764 dodrantem
992 2708 1037 2764 uel
1063 2709 1145 2763 etiam

266 2896 286 2964 1)
300 2899 333 2948 In
347 2899 371 2947 V
374 2895 395 2932 ¹²
404 2899 574 2963 praeceditph
589 2899 659 2964 quad
671 2900 771 2964 aliaque·
778 2900 910 2965 significat
923 2907 1011 2962 potest,
1026 2907 1144 2963 potestate
1288 2875 1289 2948 b

192 2969 301 3032 Publium
319 2969 367 3020 aed
383 2971 501 3020 conculis
511 2985 670 3033 praenomen
687 2972 837 3036 ignoratur,
859 2985 963 3034 cumque
982 2972 1059 3020 ctiam
1076 2973 1146 3021 aliae

192 3048 269 3092 notae
277 3042 302 3105 p’
311 3047 336 3090 et
346 3042 362 3104 p
372 3047 560 3103 permutentur,
574 3057 631 3090 aum
639 3039 713 3091 Sada
723 3048 762 3104 (p.
772 3038 822 3106 285)
832 3055 867 3090 cu
875 3039 960 3090 Instit.
971 3041 1043 3090 edidi
1051 3048 1145 3105 pastea.

191 3105 212 3173 ²)
226 3110 358 3159 retinendis
377 3105 429 3158 W.
452 3110 559 3159 retinere
573 3110 612 3159 ed.
626 3108 701 3159 stoa.
722 3110 761 3172 Of,
776 3121 845 3173 t,a1.
865 3121 886 3171 a,
900 3119 933 3159 to.

262 3261 287 3335 fi.
302 3268 361 3316 254.
377 3287 411 3307 ==
425 3267 448 3327 ς.
463 3275 483 3317 a.
503 3264 564 3316 La.
579 3272 597 3316 t.
611 3266 644 3332 (s,
659 3265 703 3332 so).
723 3267 793 3332 Epir.
807 3279 829 3327 r,
844 3279 856 3320 r
866 3284 910 3332 pr.
939 3269 994 3334 Utp⁴
1010 3280 1044 3330 es,
1060 3281 1093 3321 ra.
1110 3282 1144 3323 15.

192 3335 268 3385 Paul.
282 3347 304 3395 4,
318 3348 339 3386 a.
363 3336 389 3384 P.
404 3344 428 3384 et
445 3336 471 3385 P.
487 3335 635 3405 consulibus]
662 3338 819 3402 Vespasiani
836 3340 992 3404 temporibus
1009 3356 1033 3390 a.
1048 3352 1146 3393 ‘ta-ao.

191 3402 301 3473 partitio]
320 3406 355 3469 cf.
380 3405 435 3470 atp.
453 3418 492 3465 24,
511 3417 545 3459 25.
572 3407 682 3472 theoph.
696 3421 722 3471 n,
741 3421 774 3460 28.
794 3412 817 3472 ἓ.
831 3421 852 3462 a.
920 3407 945 3479 ξ
961 3413 1021 3462 255.
1037 3433 1071 3454 =
1085 3414 1109 3475 ἓ.
1124 3424 1145 3465 a.

190 3474 253 3524 Lu.
268 3481 285 3523 t.
300 3474 331 3539 (e,
346 3473 391 3541 sa).
416 3476 454 3538 Of.
473 3477 527 3540 Utp.
543 3488 578 3536 ea,
593 3490 626 3529 ιι.
650 3478 682 3527 L.
697 3490 730 3530 aa.
756 3479 788 3528 D.
803 3480 869 3530 adt.
886 3481 957 3532 Fata.
972 3481 1017 3547 (aa,
1032 3480 1064 3548 a),

190 3539 216 3611 ξ.
231 3546 291 3595 256.
310 3546 349 3606 βξ.
363 3555 384 3594 a.
399 3543 518 3610 (atat.
532 3554 550 3596 t.
572 3548 610 3612 Cf.
629 3548 684 3610 Iltp.
700 3552 716 3598 l,
731 3566 752 3599 c.
