2609 3942
220 204 286 269 394
495 218 554 255 uun
571 219 664 254 ensem.
683 200 730 253 IV.
750 205 897 255 141-144.

220 352 368 426 praecipit,
382 365 417 405 ne
432 351 489 405 sine
504 350 572 405 aitio
587 347 737 421 possidenti
757 348 799 402 nis
814 345 876 418 fiat,
890 363 959 403 neue
975 349 1003 404 in
1017 347 1078 404 loco
1093 365 1173 405 sacro

221 435 321 509 aliquid
340 432 398 489 liat:
424 433 494 489 unde
515 433 602 488 omnia
627 430 770 487 interdicta
791 437 838 486 ant
862 433 1032 487 restitutoria
1057 440 1104 488 ant
1127 449 1174 488 ex·

221 518 345 575 hibitoria
371 524 417 573 aut
442 515 617 591 prohibitoria
645 524 788 572 uocantur.
834 510 894 570 141.
923 514 978 571 Nee
1000 522 1088 570 tamen
1111 531 1174 572 eum

222 602 286 675 quid
301 602 410 657 iusserit
425 599 482 656 fieri
502 608 548 655 aut
568 598 626 655 lieri
645 597 831 672 prohibuerit,
858 599 947 653 statim
968 607 1111 672 peractum
1131 608 1247 659 estisne]

222 685 378 759 negotium,
402 684 450 740 sed
470 684 502 739 ad
522 682 636 739 indicem
658 689 895 756 recuperatoresue
917 682 975 739 itur
995 690 1023 737 et
1043 681 1078 737 ibi
1092 682 1175 739 editis

222 767 346 825 formulis
372 769 524 841 quaeritur,
555 782 589 822 an
615 765 715 838 aliquid
741 765 871 822 aduersus
895 767 1030 838 praetoris
1055 766 1175 822 edictum

222 853 322 908 laetum
337 852 388 923 sit,
409 850 453 906 nel
474 866 506 905 au
526 850 626 906 laetum
647 850 762 920 nonsit,
786 849 859 923 quod
876 851 898 903 is
914 847 971 904 fieri
987 850 1106 905 iusserit.
1145 857 1175 906 et

222 935 302 991 modo
318 951 378 991 eum
392 951 479 1008 poena
493 934 592 1007 agitur,
608 932 689 989 modo
705 933 763 988 sine
778 949 881 1007 poena:
903 949 963 988 cnm
978 949 1081 1006 poena,
1097 933 1175 990 uelut

222 1035 282 1075 eum
304 1034 353 1091 per
375 1019 548 1090 sponsionem
569 1020 674 1090 agitur,
698 1018 756 1072 siue
777 1033 877 1090 poena,
901 1016 977 1073 uelut
997 1032 1059 1072 enm
1072 1017 1175 1073 arbiter

222 1102 339 1175 petitur;
367 1098 523 1173 etquidem
548 1114 580 1153 er
606 1097 793 1173 prohibitoriis
818 1100 967 1156 interdictis
992 1116 1100 1174 semper
1125 1116 1176 1174 per

222 1183 397 1257 sponsionem
415 1185 459 1256 agi
479 1181 566 1252 solet,
594 1199 625 1238 er
651 1184 826 1239 restitutoriis
850 1200 916 1240 uero
940 1184 985 1240 uel
1007 1183 1175 1240 exhibitoriis

222 1267 304 1323 modo
326 1283 375 1341 per
389 1267 574 1341 sponsionem,
589 1266 670 1322 modo
686 1283 735 1339 per
748 1266 891 1323 lormulam
906 1269 1007 1341 agitur,
1022 1284 1091 1340 quse
1106 1268 1175 1323 arbi-

222 1353 303 1409 traria
318 1360 440 1408 uocatur.

285 1431 347 1491 142.
371 1433 528 1508 Principalis
543 1433 629 1508 igitur
643 1433 740 1490 diuisis
756 1434 783 1490 in
799 1451 831 1490 eo
843 1430 982 1508 est,‘quod
992 1442 1039 1490 aut
1049 1435 1173 1507 prohibi·

224 1519 291 1573 toria
311 1527 375 1573 sunt
395 1516 537 1574 interdicta
565 1525 611 1573 aut
636 1519 805 1573 restitutoria
829 1526 875 1574 ant
897 1517 1064 1574 exhibitoria.
1109 1516 1174 1576 143.

222 1601 344 1674 Sequens
359 1603 387 1656 in
402 1617 434 1657 eo
450 1609 493 1656 est
507 1601 618 1671 dinisio,
641 1599 715 1674 qnod
734 1600 777 1657 nel
793 1601 978 1675 adipiscendae
993 1604 1174 1676 possessionis

223 1701 300 1741 causa
316 1693 459 1758 conparata
481 1693 546 1740 sunt
564 1684 608 1740 uel
629 1685 785 1741 retinendae
807 1685 850 1741 nel
865 1685 1062 1758 reciperandae.
1106 1682 1174 1744 144.

222 1768 414 1843 Adipisoendae
443 1770 624 1842 possessionis
651 1785 729 1824 causa
757 1768 929 1825 interdictum
956 1770 1175 1826 accommodatur

222 1851 357 1908 honorum
372 1853 533 1925 possessori,
550 1853 625 1908 cuius
640 1854 801 1926 principium
816 1861 858 1908 est
870 1869 998 1918 ovomvn
1011 1868 1174 1919 nononvn3

223 1937 335 2010 eiusque
350 1937 391 1992 uis
407 1944 434 1992 et
448 1943 570 2010 potestas
576 1936 650 2011 ,haec
665 1943 716 2006 est,
732 1944 763 1992 nt
778 1935 850 2009 qnod
862 1938 977 2010 quisque
988 1952 1020 1992 ex
1031 1938 1073 1992 his
1085 1936 1174 2009 bouis,

223 2037 338 2093 quorum
353 2021 490 2093 possessio
506 2019 585 2076 alicui
600 2019 662 2075 data
677 2028 734 2091 est,
754 2036 804 2094 pro
825 2019 924 2076 herede
939 2029 985 2076 aut
999 2037 1050 2094 pro
1065 2036 1173 2094 posses·

152 2110 286 2161 estsere
312 2100 476 2177 ’lpossideh
503 2105 603 2160 dalcae
622 2104 711 2175 fecit,
736 2098 912 2178 quominus)¹
933 2097 938 2181 Ι
956 2104 1124 2178 possideret,
1147 2104 1174 2160 id

223 2187 258 2258 ei,
280 2188 324 2242 cni
346 2185 478 2242 bonorum
492 2187 630 2259 possessio
646 2185 707 2241 data
723 2194 780 2258 est,
804 2189 979 2244 restituatur:
1001 2204 1051 2261 pro
1062 2189 1174 2253 ‚herede

222 2278 311 2325 autem
325 2268 464 2343 possidere
481 2267 588 2323 uidetur
603 2277 655 2323 tarn
671 2271 711 2340 is,
732 2271 778 2342 qui
793 2271 872 2326 heres
888 2280 945 2344 est,
962 2288 1042 2346 qnam
1063 2273 1103 2343 is,
1127 2274 1174 2345 qui

221 2360 298 2424 putat
313 2367 342 2406 se
357 2349 483 2406 heredem
499 2366 574 2419 esse;
594 2368 644 2424 pro
666 2369 825 2426 possessore
845 2356 867 2409 is
888 2355 1025 2428 possidet,
1048 2357 1093 2428 qui
1115 2357 1173 2411 sine

222 2450 299 2489 causa
315 2433 431 2506 aliquam
445 2450 502 2490 rem
517 2435 704 2491 hereditariam
725 2437 770 2493 uel
790 2439 869 2494 etiam
890 2446 974 2494 totam
996 2438 1173 2495 hereditatem

295 2598 316 2668 ¹)
330 2600 454 2666 Suppleni
467 2619 502 2653 eac
514 2603 540 2652 L
554 2616 565 2653 1
575 2619 620 2667 pr.
635 2605 667 2655 D.
678 2619 751 2668 quor.
763 2604 819 2655 boa.
834 2604 879 2672 (43,
894 2603 926 2672 a),
941 2613 970 2655 at
982 2613 1053 2656 recte
1066 2606 1172 2656 haberet

222 2673 364 2736 possideret.
390 2672 444 2723 Sed
456 2681 538 2724 tamen
553 2677 629 2724 etiam
643 2689 674 2724 ea
689 2674 721 2724 de
730 2690 810 2724 caasa
821 2691 871 2726 333
882 2682 936 2726 tota
946 2678 992 2725 illa
1002 2678 1084 2740 ipsius
1093 2677 1173 2726 edicti

221 2743 298 2793 verda
308 2744 483 2794 transcribere
492 2745 563 2794 salai
571 2742 651 2810 (qaod
664 2761 733 2794 3333
743 2746 810 2808 fecit
819 2745 867 2812 Bp.
875 2747 914 2795 ed.
920 2745 944 2813 3)
953 2748 1014 2811 qaia
1026 2754 1100 2796 tanta
1113 2747 1171 2797 sab·

221 2816 303 2865 tilitas
312 2814 520 2865 [restitutionibus
534 2831 583 2865 333
599 2817 724 2875 convenit,
739 2823 764 2864 et
775 2815 856 2866 Gaius
868 2824 920 2866 iam
930 2825 1017 2866 cetera
1027 2817 1173 2867 huiusmodi

221 2887 361 2936 interdicta
375 2900 426 2936 333
440 2886 591 2949 simpliciter
604 2887 700 2935 similia
713 2886 801 2936 dicere
811 2889 945 2950 potuisset.
969 2886 1057 2937 Simile
1071 2889 1171 2937 initium

222 2952 357 3019 ‘possidet'
377 2962 403 3004 et
422 2952 587 3019 ‘possideret'
608 2956 741 3006 omittendi
764 2972 868 3006 cansam
888 2958 973 3020 faisse
993 2965 1019 3007 et
1036 2957 1172 3008 librarium

220 3042 275 3076 333
284 3026 352 3075 hanc
362 3040 477 3075 errorem
487 3026 639 3085 admisisset,
653 3034 713 3077 aate
726 3042 770 3091 pro
785 3028 872 3076 herede
882 3025 921 3094 (at
927 3026 1002 3093 fecit)
1013 3031 1172 3092 particulam

220 3097 241 3144 si
260 3096 401 3154 addidisse,
416 3095 522 3160 quilibet
535 3097 611 3146 videt.

290 3249 315 3321 ξ.
332 3256 390 3304 141.
412 3253 613 3319 Cf.§§.1tsseq.
637 3256 693 3320 Ulp.
707 3256 770 3307 last.
783 3257 820 3320 fr.
836 3269 887 3316 1,1.
901 3268 922 3308 a.
948 3256 1052 3318 Quintil.
1068 3258 1090 3307 I.
1108 3257 1136 3308 0.
1150 3269 1171 3317 a,

220 3334 254 3374 no.
272 3325 296 3385 5.
311 3333 331 3375 3.
346 3336 367 3386 r,
380 3334 400 3375 3.
425 3326 585 3387 §.s.1s,1o.
604 3328 676 3388 §.ro
767 3324 792 3396 ξ.
810 3330 868 3379 142.
887 3350 922 3371 =
940 3331 963 3391 5.
982 3342 1002 3380 1.
1026 3331 1083 3379 init.
1102 3329 1125 3378 Ι.
1141 3329 1172 3378 de

220 3394 314 3442 interd.
334 3391 366 3459 (a,
380 3391 425 3460 1e).
451 3395 489 3459 Of.
504 3395 536 3444 L.
551 3408 571 3446 1.
587 3398 610 3458 ξ.
625 3408 645 3446 1.
661 3396 693 3445 Ι).
708 3398 764 3447 eod.
783 3396 828 3461 (es,
843 3397 873 3464 t).
967 3401 1049 3449 .143.
1064 3421 1098 3442 ==
1113 3401 1136 3461 ς.
1150 3410 1171 3449 2.

220 3460 291 3511 Lib.
311 3463 349 3526 Cf.
364 3463 463 3515 Asson.
480 3465 570 3529 Gripi.
589 3477 679 3531 33333.
699 3467 753 3531 Uip.
768 3467 832 3517 Inst.
846 3480 867 3527 t,
883 3482 904 3520 1.
974 3506 979 3516 .
992 3472 1050 3520 144.
1068 3470 1106 3533 Of.
1118 3471 1141 3531 5.
1151 3481 1171 3520 a.

223 3528 286 3577 Lib.
296 3545 377 3593 supra
390 3545 410 3592 e,
427 3546 461 3585 se.
472 3547 492 3593 s,
503 3547 550 3586 149.
559 3535 591 3587 L.
603 3548 689 3589 11-1s.
708 3538 740 3587 Ι).
756 3539 787 3587 de
800 3538 854 3588 her.
866 3547 920 3601 pet.
935 3538 966 3606 (3,
980 3538 1011 3606 3).
