2609 3942
427 215 485 250 nau
502 216 594 253 marm.
613 197 660 251 IV.
682 205 828 253 111-114.
1038 199 1104 265 383

149 344 206 407 111.
230 345 380 419 Aliquando
407 353 495 401 tamen
519 353 547 404 et
570 352 705 419 perpetuo
727 363 778 403 eas
796 349 862 417 dat,
883 350 962 405 uelat
982 343 1103 421 quibus¹

150 433 271 488 imitatur
285 431 326 485 ius
341 430 509 504 legitimum:
533 430 625 504 quales
647 440 782 500 sunteas,
799 425 883 504 quas²
902 434 1103 491 dardanorum

145 512 356 588 possessoribus
372 517 532 588 ceterisque,
550 516 595 586 qui
610 514 717 570 heredis
732 515 793 571 loco
809 522 873 571 sunt
887 532 955 572 eone
972 517 1102 588 effician-

151 592 226 656 turi.
249 597 336 668 furlti
353 614 462 672 quoqne
478 598 610 653 manifesti
626 598 709 671 actio,
730 601 853 672 quamuis
869 615 901 655 en
922 601 1006 673 ipsius
1027 617 1103 673 prae-

152 685 218 739 toris
240 682 426 739 iurisdictione
448 680 651 756 proficiscatur,
672 689 805 755 perpetuo
831 682 925 752 datur3
948 690 976 739 et
996 685 1102 754 meritc,

150 765 221 824 ’cum
236 761 366 823 tantam⁴
380 783 430 840 pro
446 766 552 839 capitali
566 782 653 839 poena
669 767 823 840 pecuniaria
839 769 987 823 constituta
1001 769 1047 825 sit.

77 855 140 905 [⁸⁰0]
212 848 270 909 112.
293 844 411 905 Contra⁵
430 866 485 906 non
506 866 600 905 omnes
624 851 758 920 actiones,
783 866 850 923 quae
871 853 899 906 in
920 852 1036 925 aliquem
1058 859 1104 907 aut

149 938 209 1010 ipso
224 936 283 990 iure
299 942 453 1006 conpetunt
472 941 520 989 aut
539 943 695 1007 apraetore
716 935 822 1004 dantur,
841 937 921 991 etiam
935 938 963 991 in
978 935 1104 993 heredem

151 1035 239 1093 aeque
266 1027 416 1091 conpetunt
441 1024 488 1074 aut
506 1016 563 1072 dari
589 1017 693 1073 solent:
716 1027 758 1074 est
780 1020 850 1075 enim
871 1021 1018 1076 certissima
1037 1019 1103 1075 iuris

151 1102 257 1178 regula,
272 1119 304 1158 ex
319 1100 450 1159 maleficio
466 1096 594 1175 poenales
609 1103 729 1160 actiones
750 1105 778 1158 in
799 1103 925 1160 heredem
940 1120 991 1160 nec
1005 1119 1103 1177 coupe-
1113 1105 1125 1118 “

151 1195 207 1243 tere
221 1201 271 1243 neo
285 1186 340 1241 dani
362 1186 463 1255 solere,
481 1186 557 1243 uelut
576 1185 652 1253 lurti,
669 1187 696 1241 ui
713 1186 845 1243 hortorum
866 1196 1016 1260 raptorum,
1031 1189 1103 1243 iniu-

150 1273 260 1341 riarum,
276 1270 363 1326 damol
378 1271 503 1326 iniuriae:
519 1270 566 1326 sed
587 1269 681 1325 heredi
702 1269 832 1341 defuncti
838 1263 850 1303 ⁶
865 1271 990 1326 uidelicet
1005 1272 1104 1326 actoris

150 1353 304 1410 huiusmodi
319 1356 438 1410 actiones
454 1360 613 1426 competunt
634 1367 684 1407 nec
705 1351 883 1426 denegantur,
904 1361 1015 1426 encepta
1035 1355 1104 1408 iniu-

149 1440 251 1493 riarum
272 1437 378 1491 nctione
399 1443 426 1491 et
446 1438 469 1490 si
491 1453 543 1506 qna
564 1435 613 1490 alia
633 1434 727 1490 similis
746 1437 900 1492 inueniatur
920 1437 1000 1492 actio.
1044 1433 1104 1494 118.

151 1518 300 1593 Aliquando
313 1527 402 1573 tamen
415 1516 519 1591 (etiam)
532 1534 564 1573 ex
575 1527 717 1574 contractu
728 1520 798 1574 actio
809 1536 897 1593 neque
909 1519 1003 1576 heredi
1015 1536 1104 1594 neque

150 1606 178 1661 in
193 1602 318 1660 heredem
329 1603 465 1676 conpetit:
481 1617 543 1658 nam
554 1600 756 1674 adstipulatoris
771 1603 849 1660 lieres
861 1620 916 1659 non
931 1604 1012 1659 habet
1022 1605 1103 1660 actio·

150 1704 221 1756 nem,
237 1686 295 1743 'sed
311 1678 358 1743 et⁷
374 1685 515 1759 sponsoris
530 1692 558 1741 et
577 1683 802 1758 fidepromissoris
817 1687 896 1742 heres
912 1703 966 1742 non
983 1695 1102 1747 tenetur.

213 1769 273 1829 114.
296 1762 456 1844 Superest,⁸
473 1777 503 1824 nt
518 1768 699 1841 dispiciamus,
721 1770 745 1823 si
759 1778 821 1825 ante
836 1786 892 1824 rem
913 1770 1054 1826 iudicatam
1070 1772 1104 1842 is,

225 1937 245 2005 ¹)
261 1938 305 1987 En
319 1950 373 1987 mea
384 1939 416 2000 qj.
431 1939 541 1987 restitui.
562 1935 646 1986 Malta
656 1937 710 1984 alia
720 1938 753 2000 φ’.
764 1935 811 2001 Bp.
822 1937 861 1985 ed.
871 1946 893 1988 3.
941 1932 962 2003 ¹)
974 1934 1103 2000 ‘praetor'

150 2012 227 2062 addit
240 2010 280 2059 ed.
295 2008 352 2073 ep,
366 2009 436 2073 qaod
447 2024 495 2058 nee
509 2010 536 2057 in
550 2007 613 2056 last.
628 2009 732 2071 lepitar.
784 2004 805 2072 ⁸)
819 2007 894 2057 Haec
907 2009 982 2058 lectio
997 2006 1106 2059 Schedia

154 2081 245 2132 (ideal.
251 2081 310 2144 fere
317 2081 442 2129 convenit.
459 2094 487 2128 co
495 2081 615 2144 intellepe
624 2092 653 2127 eo
665 2079 729 2141 ipso,
740 2078 923 2141 quodpraetor
932 2079 980 2128 ltas
991 2081 1106 2130 actiones

152 2154 211 2209 dat;
221 2151 331 2216 proprie
339 2152 404 2200 enim
414 2151 472 2214 qais
481 2150 589 2208 disserit,
599 2164 615 2198 a
625 2156 750 2212 praetore
763 2155 867 2199 coemes
879 2164 930 2199 non
940 2144 1038 2199 tantam
1047 2149 1069 2199 b.
1076 2165 1105 2213 p.

152 2239 190 2274 em
199 2222 231 2286 (3,
240 2222 276 2287 ts)
291 2222 337 2271 sed
349 2223 425 2270 etiam
434 2222 550 2271 actiones
563 2235 598 2269 eac
611 2235 643 2269 ea
652 2220 739 2270 dando
748 2219 870 2269 heredum
880 2222 936 2271 loeo
946 2221 1024 2284 effici.
1050 2217 1106 2270 ‘ac-

152 2289 304 2344 commodat’
320 2291 383 2341 Inst.
399 2298 501 2341 ceterae
514 2291 572 2340 edd.
623 2286 645 2355 ⁴)
660 2288 727 2356 c(=
737 2291 800 2356 cum)
813 2291 839 2340 O.
854 2293 911 2341 edd.
927 2293 996 2357 qnod
1006 2292 1105 2355 factam

147 2371 213 2428 pato
223 2379 257 2413 ea
265 2369 307 2421 ott,
317 2363 392 2426 quasi
401 2367 511 2410 esseron.
549 2358 570 2425 ὁ)
578 2359 623 2409 Eat
632 2359 731 2410 eruam.
740 2360 833 2412 Seled.
843 2378 988 2427 quanquam
997 2362 1034 2411 iot
1042 2361 1106 2411 ilaec

152 2436 250 2484 notaio
261 2436 313 2496 fine
323 2432 506 2496 praecedentis
515 2429 587 2479 veros
596 2436 621 2478 et
630 2446 720 2479 versas
727 2434 816 2495 posita
825 2435 866 2482 sit.
893 2432 1106 2496 Gaiaspersona-

152 2505 400 2554 ramsaccessionem
407 2502 512 2565 opponit
519 2501 640 2563 temporis
647 2502 754 2550 rationi.
769 2502 820 2550 Non
829 2509 907 2551 autem
914 2502 978 2551 Iast.
989 2503 1040 2551 Non
1048 2503 1105 2552 edd.

153 2571 176 2640 ⁶)
197 2572 233 2624 Ob
251 2575 408 2638 incognitam
431 2571 482 2621 sibi
503 2572 595 2636 sigalam
612 2571 800 2633 isuperposita
817 2586 843 2628 c,
863 2587 913 2634 qua
932 2573 959 2619 in
979 2572 1023 2621 Pr,
1046 2572 1105 2622 Vat.

151 2645 252 2710 syllaba
267 2645 320 2693 lunc
335 2644 482 2707 saepissime
496 2648 609 2700 notatur,
624 2640 751 2689 librariae
760 2647 821 2703 post
834 2641 883 2688 h’di
895 2639 939 2703 (=
949 2641 1042 2706 heredi)
1053 2642 1107 2691 dem

148 2731 201 2780 pro
211 2716 269 2764 delti
278 2714 317 2765 bis
330 2715 468 2777 scripsisse
478 2713 589 2770 uidetur,
603 2719 749 2774 tantamque
759 2709 876 2759 dubitari
881 2716 974 2773 potest,
984 2726 1018 2759 aa
1028 2711 1107 2761 aerbo

152 2786 199 2835 dei.
210 2785 257 2833 rid.
268 2792 313 2833 act.
323 2784 408 2835 Iustis.
424 2786 555 2848 ipsoram,
569 2797 634 2846 qaae
648 2788 731 2830 tamen
745 2781 873 2831 herodibus
883 2795 935 2843 pro
945 2781 1028 2829 heredi
1043 2784 1107 2829 neate

147 2855 283 2921 praebent,
293 2869 345 2919 pro
357 2857 508 2921 plasseatate
518 2853 635 2902 labenda
649 2854 709 2901 sint.
757 2849 778 2917 l)
794 2851 886 2900 Potius
895 2857 932 2899 set
942 2866 1024 2914 quarm
1039 2851 1108 2914 qaod

151 2935 229 2977 antea
243 2927 390 2990 suspicatus
399 2940 477 2982 eram,
487 2930 548 2974 nota
558 2939 580 2972 a.
591 2929 674 2972 contra
685 2924 711 2971 in
724 2922 749 2970 0.
762 2922 845 2985 faisse
859 2922 969 2970 videtur.
990 2917 1037 2970 ‘et'
1049 2920 1106 2969 edd.

154 2993 175 3063 Β)
188 2999 297 3057 scilieet,
312 3004 340 3047 ut
353 2999 435 3047 locam
449 2995 481 3044 de
495 2993 640 3044 sedenibus
653 2993 821 3043 absolvamus.

223 3184 248 3257 ξ.
265 3191 324 3240 112.
339 3210 373 3231 ==
388 3191 410 3250 ξ.
426 3201 446 3239 1.
465 3187 488 3238 I.
507 3187 540 3237 ia.
560 3203 617 3237 eam
639 3185 749 3248 Tleopl.
775 3184 813 3247 Of.
828 3184 860 3233 L.
875 3195 922 3235 111.
945 3184 968 3246 ξ.
988 3196 1008 3234 1.
1028 3182 1060 3231 D.
1075 3183 1108 3233 de

151 3276 207 3327 rep.
222 3262 273 3308 ior.
289 3258 334 3325 (nn,
350 3257 393 3324 aa).
444 3255 469 3327 ξ.
486 3261 545 3309 113.
567 3258 605 3322 Of.
621 3259 644 3318 §-
660 3268 681 3307 1.
695 3255 717 3304 I.
733 3257 777 3305 cit.
791 3271 873 3318 supro
886 3267 907 3312 3,
922 3266 968 3305 na.
984 3264 1030 3304 120.

223 3326 249 3398 ξ.
266 3332 325 3380 114.
350 3329 389 3394 Cf.
408 3331 432 3391 ἕ.
452 3341 472 3379 a.
492 3328 513 3377 I.
529 3328 562 3377 io.
580 3337 696 3391 sapsas,
711 3338 757 3377 180.
777 3328 801 3388 ᾖ.
817 3338 851 3376 st.
870 3324 892 3373 I.
907 3325 939 3374 de
953 3331 1003 3373 act.
1018 3322 1054 3388 (4,
1073 3322 1106 3388 s).

150 3401 184 3452 L.
196 3413 222 3453 33
233 3402 280 3464 fin.
294 3400 327 3449 D.
341 3401 374 3450 de
384 3414 493 3463 masur.
508 3397 540 3462 (s,
554 3398 585 3464 3)
604 3397 637 3446 L.
651 3406 686 3448 aa.
701 3396 733 3445 D.
748 3397 780 3446 de
794 3397 854 3446 dolo
868 3393 900 3460 (4,
914 3394 944 3459 3).
960 3394 991 3443 L.
1002 3405 1036 3446 33.
1051 3396 1075 3456 §-
1086 3407 1107 3445 1.

152 3472 184 3522 Ι).
199 3472 231 3521 de
245 3473 320 3522 solut.
336 3469 380 3536 (re,
395 3468 426 3534 3).
441 3470 473 3519 L.
487 3481 509 3519 a.
524 3469 556 3517 D.
572 3468 651 3517 indie.
666 3468 732 3517 solvi
745 3466 789 3530 (ac,
804 3465 835 3532 a).
851 3493 884 3503 -
898 3466 931 3515 L.
945 3476 980 3517 ss.
995 3467 1018 3528 ᾗ.
1033 3476 1054 3517 r.
1074 3465 1106 3515 Ι).

150 3543 184 3593 de
198 3556 270 3592 usar.
284 3540 330 3606 (ss,
345 3540 375 3606 1).
390 3541 423 3589 L.
436 3552 464 3592 aa
473 3555 518 3603 pr.
537 3539 570 3588 D.
585 3539 616 3588 de
630 3538 705 3588 cond.
721 3537 805 3587 inded.
820 3539 865 3604 (12,
879 3537 911 3603 c).
