2609 3942
461 167 638 204 3111133313.
656 150 676 203 I.
696 156 836 211 tat-tat.
1065 152 1125 216 211

171 323 265 363 omnes
274 323 318 361 res
329 306 373 362 uel
384 308 412 362 in
423 323 502 361 uuam
519 307 647 362 13313331
665 308 740 363 duas.
775 305 967 366 1510313333]
984 317 1030 365 aut
1047 308 1126 382 plena

108 432 111 439 .
172 393 246 465 optio
262 392 342 446 datur
355 398 401 446 aut
419 399 541 464 angusta.
569 387 727 448 11331313
742 393 779 445 ita
794 392 851 447 dari
865 393 944 454 solet,
964 400 994 448 ut
1004 394 1126 466 proxime

170 475 392 548 supradiximus.
432 484 546 547 angusta
562 477 600 529 ita
619 474 675 529 dari
694 473 778 529 solet:
804 491 909 531 313133
927 490 1025 533 vxoaa
1041 492 1126 533 33333

171 556 315 616 ’macras
328 573 490 615 onrroumn
503 550 687 617 nvmraxar¹
710 572 810 614 331133
825 573 879 629 33,
899 566 945 612 331
958 574 1126 616 3311333131·

127 703 128 707 η
169 657 220 698 ms
240 658 292 700 33.
322 638 384 699 153.
401 640 475 708 Quae
490 644 614 716 optiones
625 641 771 715 plurimum
782 642 854 696 inter
864 657 894 696 se
909 641 1050 716 dilicrnnt3
1066 658 1125 696 nam

170 741 240 799 quae
260 726 364 798 plenam
386 728 525 797 optionem
545 724 639 794 habet,
662 733 755 798 potest
775 725 857 780 semel
877 725 965 780 ethis
987 732 1015 780 et
1035 730 1078 780 ter
1099 733 1127 780 et

170 810 276 882 saepius
293 816 411 864 tutorem
427 818 534 880 optare:
558 826 627 882 quae
642 824 708 865 uero
723 815 866 880 angustam
881 807 963 864 habet
978 809 1125 882 optionem,

170 896 193 948 si
209 893 344 948 dumtaxat
358 892 442 948 semel
457 892 518 947 data
533 902 575 947 est
596 894 681 966 optio,
701 893 815 966 amplius
836 909 915 966 qaam
931 891 1013 948 semel
1030 899 1125 964 optare

168 991 225 1031 non
239 984 347 1049 potest;
363 977 386 1031 si
398 984 501 1031 tantum
513 975 563 1046 bis,
579 977 691 1050 amplius
704 993 781 1048 quam
794 975 834 1032 bis
851 976 959 1050 optandi
972 976 1125 1031 facultatem

117 1099 122 1109 ·.
145 1125 148 1132 ⁴
168 1076 223 1116 333
238 1059 326 1115 habet.
357 1056 421 1118 164„
440 1059 573 1115 Vocantur
582 1070 672 1116 autem
687 1061 724 1131 lai,
740 1062 786 1134 qui
797 1062 952 1117 nominatim
965 1065 1125 1116 testamento

169 1153 273 1200 tutores
289 1144 401 1213 dautur,
417 1143 516 1216 datiui,
539 1146 584 1217 qui
599 1161 630 1199 ea
646 1145 757 1216 optione
772 1152 930 1215 sumuntur,
946 1145 1040 1217 optiui.

229 1225 291 1288 155.
313 1227 414 1295 Quibus
429 1234 591 1283 testamento
608 1227 716 1300 quidem
732 1235 807 1283 tutor
821 1228 898 1282 datus
914 1243 969 1290 non
984 1229 1029 1298 sit,
1044 1228 1076 1282 iis
1092 1242 1125 1282 ex

99 1326 154 1380 uas]
168 1312 229 1385 lege
250 1328 299 1368 xm
319 1304 536 1388 '(tabularum)²
564 1313 655 1384 agnati
676 1318 741 1366 sunt
769 1318 891 1382 tutores,
919 1311 965 1382 qui
993 1318 1126 1366 uocantur

168 1396 290 1467 legitimi.
327 1391 391 1451 156.
407 1394 476 1449 Sunt
496 1404 584 1451 autem
608 1397 698 1468 agnati
721 1410 770 1468 pen
793 1394 875 1450 uirilis
891 1410 972 1450 senus
994 1409 1125 1467 personas

171 1479 332 1549 cognatione
346 1480 446 1547 iuncti,
469 1480 576 1550 quasia
590 1487 667 1550 patre
682 1479 800 1550 cognati,
823 1479 908 1534 ueluti
930 1477 1015 1533 irater
1029 1478 1124 1533 eodem

170 1568 247 1632 patre
262 1569 351 1630 natus,
374 1559 464 1614 fratris
479 1559 550 1614 lilius
565 1577 685 1633 neposne
701 1577 733 1615 ex
749 1578 792 1632 33,
814 1563 879 1617 item
901 1569 1014 1634 patrans
1029 1570 1057 1617 et
1079 1577 1124 1633 pa·

170 1643 225 1697 trai
242 1634 247 1718 Ι
264 1639 334 1696 lilius
350 1648 477 1714 atnepos
492 1656 582 1696 eaeo.
611 1651 637 1697 31
653 1643 689 1705 hi,
712 1645 757 1715 qui
772 1660 821 1715 per
836 1644 954 1699 leminini
968 1660 1047 1699 sexus
1063 1660 1123 1716 per·
1141 1647 1183 1698 43.

169 1742 250 1781 sonas
273 1726 435 1797 cognatione
457 1725 676 1796 coniunguntur,
699 1741 754 1779 non
777 1733 841 1780 sunt
862 1728 968 1798 agnati,
990 1725 1038 1780 sed
1060 1713 1154 1780 alias‘·
1168 1720 1189 1753 ⁸·

168 1808 285 1865 naturali
300 1811 359 1865 iure
371 1809 488 1880 cognati.
519 1809 609 1880 itaque
622 1809 692 1862 inter
702 1807 866 1862 auunculum
881 1816 908 1862 et
922 1810 1025 1863 sororis
1041 1807 1124 1863 lilium

168 1908 223 1948 non
238 1894 345 1964 agnatio
360 1901 413 1963 est,
432 1891 480 1946 sed
500 1892 636 1960 cognatio.
667 1892 732 1947 item
751 1892 855 1960 amitae,
875 1899 1033 1947 materterae
1054 1889 1124 1946 lilius

167 1994 223 2032 non
239 1985 281 2032 est
296 1977 360 2032 mihi
375 1983 500 2049 agnatus,
523 1982 566 2030 set
581 1984 723 2049 cognatus,
746 1983 774 2030 et
788 1976 904 2030 inuicem
925 1968 1050 2031 ’scilicet3
1072 1991 1124 2048 ego

167 2061 206 2116 illi
216 2061 315 2117 eodem
330 2062 390 2115 iure
405 2060 567 2132 coniungor,
589 2061 649 2131 quia
666 2060 711 2131 qui
727 2067 885 2130 nascuntur,
900 2061 984 2132 patris
999 2075 1054 2116 non
1069 2074 1124 2114 ma·

169 2146 217 2200 tris
237 2144 360 2221 lamiliam
382 2151 544 2216 sequuntur.
581 2138 642 2202 157.
659 2142 712 2198 Sed
728 2143 791 2198 olim
807 2143 924 2215 quidem,
948 2152 1077 2216 quautam
1092 2142 1125 2198 ad

168 2227 257 2301 legem
270 2244 318 2283 x11
340 2226 488 2282 tabularum
503 2228 609 2296 attinet,
632 2228 712 2282 etiam
729 2227 842 2283 laminae
860 2236 975 2300 agnatos
992 2226 1125 2283 habehant

170 2319 285 2367 tutores.
316 2313 366 2366 sed
379 2316 472 2382 postea
487 2309 530 2365 lex
542 2310 649 2366 Claudia
660 2310 714 2366 lata
726 2318 778 2382 est,
794 2327 863 2383 quae
879 2311 951 2384 quod
965 2311 996 2367 ad
1013 2311 1123 2367 feminas

168 2396 274 2457 attinet,
298 2393 396 2449 tutelas
418 2385 509 2471 (illas)
532 2394 657 2449 sustulit:
684 2396 775 2468 itaque
798 2395 933 2450 masculus
956 2396 1063 2468 quidem
1084 2396 1125 2450 in·

163 2529 244 2589 plena
258 2528 311 2574 aiae
321 2534 440 2592 angusta,
455 2528 523 2590 qaod
536 2528 675 2576 discrimen
687 2526 1124 2592 631331133333333333131)313-

167 2605 247 2654 13333,
266 2604 351 2645 utram
365 2604 473 2646 tutorem
489 2599 635 2661 generalem
648 2612 683 2644 an
703 2600 731 2645 in
744 2600 861 2661 singalas
877 2598 1000 2660 quasdam
1014 2612 1057 2646 res
1070 2598 1124 2645 aiae

166 2670 255 2729 plures
269 2674 359 2730 aptare
373 2669 441 2717 uelit.
474 2666 576 2724 litatae,
592 2667 631 2715 ed.
646 2666 695 2716 Kr.
711 2679 731 2716 3.
803 2663 823 2730 ¹)
839 2666 958 2715 dumtaxat
975 2668 1060 2715 tutoris
1079 2681 1124 2729 op·

167 2736 488 2801 nicromantiam.
516 2737 660 2786 divellenda
679 2751 701 2785 o.
721 2737 832 2785 duntaxat
849 2751 866 2784 a
884 2750 931 2786 333
949 2737 1026 2786 aerbo
1044 2738 1082 2785 ita
1096 2743 1124 2785 31

163 2809 249 2870 poetis
267 2814 363 2855 tantam
377 2809 451 2863 113311
469 2822 516 2856 nec
531 2807 604 2855 aliud
617 2807 692 2855 docet
700 2806 788 2855 Hand.
799 2806 835 2855 ad
847 2805 982 2854 1133331113.
997 2806 1026 2854 ll.
1037 2822 1065 2869 p.
1075 2817 1122 2860 339.

169 2873 190 2940 ²)
205 2876 325 2926 Manente
340 2876 456 2926 Pdscltnt.
471 2878 593 2940 supplevi.
615 2876 653 2940 Os.
674 2890 694 2938 1,
711 2888 757 2927 133.
828 2872 956 2938 8)33111331
973 2876 994 2922 si
1015 2875 1040 2923 0,
1060 2876 1123 2937 (pro

167 2947 188 2995 si
199 2949 289 3009 potius
302 2948 338 2995 sic
357 2946 383 2994 V
385 2943 413 3005 ’1,
428 2955 456 2996 nt
469 2948 631 3010 manifestias
644 2954 778 3010 appareat,
793 2953 906 2996 notatam
915 2942 1017 2994 uerbum
1031 2944 1125 2993 scilicet

167 3016 277 3067 librario
292 3018 388 3079 fraudi
397 3018 493 3084 fnisse)
507 3019 573 3066 ande
588 3016 705 3069 Pdseltm.
720 3020 768 3081 qi:
787 3024 811 3066 et
828 3017 939 3065 inuicem.
968 3014 1061 3063 scilicet
1079 3015 1124 3063 etsi

168 3102 210 3148 ego
225 3088 259 3136 illi
273 3086 396 3152 (agnatus
413 3103 476 3146 snm,
494 3104 546 3138 non
564 3095 647 3137 tamen
663 3090 719 3151 filia
738 3087 820 3152 illius)
839 3088 923 3136 eodem
942 3086 1123 3134 1113313331-

167 3160 219 3207 lato
238 3158 346 3221 Theoplu
363 3159 379 3206 l.
395 3170 428 3210 13.
448 3160 472 3219 δ.
487 3171 507 3207 1.

237 3277 262 3349 ξ.
275 3282 333 3332 154.
346 3280 384 3344 Os.
397 3280 452 3344 Uip.
461 3293 495 3342 11,
506 3293 539 3331 14.
589 3278 614 3348 ξ
622 3282 720 3331 155.==
722 3296 766 3343 pr.
777 3278 800 3328 Ι.
811 3279 842 3327 de
852 3281 900 3342 leg.
910 3294 969 3343 agn.
979 3284 1024 3326 131.
1036 3275 1122 3343 (1,15).

168 3352 207 3414 Cf.
222 3351 277 3415 atp.
288 3364 322 3413 11,
332 3363 352 3403 a.
403 3347 428 3419 ξ.
446 3353 612 3413 1311--11
629 3350 650 3399 I.
661 3350 693 3399 ib.
709 3350 740 3397 L.
750 3361 769 3400 a.
785 3348 816 3396 D.
828 3349 860 3397 de
869 3352 917 3413 teg.
925 3356 970 3398 tat.
982 3350 1026 3413 (33,
1034 3347 1066 3413 3).
1084 3349 1122 3412 Cf.

170 3421 226 3484 Uip.
238 3434 271 3481 11,
280 3433 302 3472 4.
317 3421 413 3470 Isidor.
428 3418 471 3470 03.
482 3433 502 3484 3,
513 3434 533 3472 3.
548 3423 588 3482 §t
600 3434 620 3471 1.
631 3433 651 3470 3.
716 3415 740 3486 5.
758 3420 815 3469 157.
833 3418 871 3481 Of.
887 3420 910 3480 ξ.
922 3431 969 3470 aaa.
993 3418 1047 3481 Uip.
1058 3432 1092 3481 11,
1103 3431 1123 3470 3,

164 3491 198 3540 L.
209 3504 230 3542 3.
249 3492 293 3540 Tla
306 3491 331 3540 O.
342 3492 374 3540 de
384 3498 429 3541 131.
440 3498 466 3540 31
475 3506 530 3540 aar.
541 3507 579 3541 33.
590 3491 622 3555 (3,
632 3490 675 3553 11).
690 3488 722 3538 L.
733 3502 752 3542 a.
771 3489 796 3539 0.
807 3490 838 3538 de
849 3490 896 3554 leg.
907 3497 952 3540 131.
963 3489 994 3554 (a,
1004 3487 1049 3555 33).

921 3574 975 3625 14*
