2609 3942
461 168 522 204 earr
541 169 641 207 unsrun.
661 151 707 203 ΙΙΙ.
727 155 835 208 tis-as.
1062 152 1124 215 301

167 312 371 369 manumissoris
387 303 486 366 etiam¹
510 311 541 366 ad
558 318 700 366 extraneos
715 309 827 364 heredes
842 310 995 380 pertinent3
1017 310 1081 364 item
1096 311 1123 366 in

168 396 317 453 hereditate
338 397 405 451 ciuis
419 396 530 450 Romani
551 394 639 450 liberti
661 393 751 449 liberis
773 394 975 447 manumissoris
990 393 1063 449 uuila
1079 409 1123 448 en·

169 480 305 536 heredatio
321 488 412 549 nocet,
427 481 455 534 in
469 477 547 534 honis
558 476 714 533 Latinorum
727 471 848 549 (autem)
859 491 957 531 nocere
967 478 1122 532 nominatim

170 565 264 621 factam
291 563 539 628 exheredationem,
566 564 626 634 ipso
652 567 763 616 senatus
791 557 917 615 consulto
946 558 1122 633 significatur,

169 651 260 706 uerius
280 657 323 705 est
342 664 425 720 ergo,
447 646 501 703 hoo
515 645 604 701 solum
619 661 652 701 eo
675 652 785 700 senatus
808 642 935 701 consulto
950 651 1038 698 actum
1053 659 1122 711 esse,

168 741 199 789 ut
221 733 424 790 manumissoris
444 729 533 801 liberi,
558 731 603 803 qui
625 728 783 784 nominatim
805 725 959 784 exheredati
982 743 1036 782 non
1058 729 1122 798 sint,

167 818 356 892 praeferantur
367 816 500 872 extraneis
514 812 669 869 heredibus.
694 808 742 869 bb.
752 812 846 887 ltaque
857 812 1039 884 emancipatus
1052 809 1122 865 filius

167 904 274 976 patroni
288 902 461 975 praeteritus,
478 899 601 971 quamuis
616 906 711 953 contra
722 896 824 953 tabulas
841 897 994 953 testamenti
1004 896 1124 967 parentis

168 988 211 1041 sui
225 986 358 1043 bonorum
372 984 573 1058 possessiouem
589 997 643 1037 non
658 982 777 1055 petierit,
793 991 882 1037 tamen
894 982 1029 1038 extraneis
1045 981 1124 1035 here·

99 1069 155 1124 [²²41
170 1070 249 1127 dibus
274 1071 301 1126 in
326 1069 404 1125 honis
431 1067 585 1122 Latinorum
613 1067 708 1138 potior
733 1065 858 1122 hahetur.
904 1060 953 1121 68.
977 1066 1042 1121 Item
1069 1063 1122 1120 iiiia

168 1156 306 1226 ceterique
326 1154 368 1208 sui
389 1152 502 1208 heredes
524 1150 587 1207 licet
605 1152 664 1206 iure
683 1149 773 1221 ciuili,
794 1144 847 1228 (si)
862 1150 934 1205 inter
952 1156 1058 1205 eeteros
1077 1166 1122 1205 ex-

157 1237 287 1293 'heredati
303 1238 372 1308 siut,
392 1229 517 1314 et(iam)²
536 1234 568 1291 ab
584 1236 657 1289 omni
677 1234 826 1290 hereditate
840 1233 926 1305 patris
947 1234 989 1287 sui
1004 1249 1121 1288 summo·

167 1330 296 1391 aeantur,
312 1329 400 1375 tamen
415 1322 442 1375 in
457 1319 536 1375 honis
551 1316 724 1384 Latinorum,
744 1318 796 1373 nisi
811 1317 968 1372 nominatim
984 1325 1123 1388 aparente

167 1405 270 1459 fuerint
291 1402 458 1471 exheredati,
480 1402 603 1474 potiores
623 1408 704 1455 erunt
724 1400 857 1457 extraneis
878 1398 1033 1457 heredibus.
1078 1397 1122 1458 67.

168 1488 235 1542 item
251 1484 282 1539 ad
303 1483 416 1555 liberos,
441 1489 487 1559 qui
505 1484 537 1539 ab
558 1483 709 1539 hereditate
731 1486 848 1556 parentis
870 1500 900 1539 se
926 1484 1122 1553 abstinuerunt,

168 1569 266 1625 'nihilo
280 1571 372 1623 minus
384 1560 491 1623 tamen⁸
503 1568 571 1622 bona
583 1566 738 1622 Latinorum
750 1569 901 1642 pertineut;
917 1567 993 1625 'nam
1003 1570 1034 1625 hi
1043 1564 1125 1627 adeo⁴

170 1650 325 1707 exheredati
349 1650 425 1706 nullo
452 1649 532 1705 modo
558 1649 610 1704 diei
634 1660 764 1721 possunt,
792 1667 848 1707 non
873 1653 957 1724 magis
978 1669 1056 1724 quam
1079 1655 1125 1725 qui

170 1740 333 1790 testamento
348 1733 456 1789 silentio
472 1733 610 1805 praeteriti
625 1739 698 1787 sunt.
737 1731 787 1789 68.
810 1733 848 1787 Ex
862 1735 904 1790 his
920 1734 1044 1790 omnibus
1060 1738 1123 1791 satis

169 1818 240 1874 iilud
255 1826 378 1891 apparet,
399 1818 421 1872 si
438 1820 471 1886 is,
493 1817 539 1889 qui
557 1814 680 1870 Latinum
694 1810 822 1881 feeerit‚⁵
835 1846 871 1856 -
888 1847 923 1855 -
940 1847 977 1856 -
987 1848 1026 1856 -
1035 1848 1072 1856 -
1084 1849 1123 1858 -

169 1895 473 1978 ----**Ι
717 1917 757 1953 νν.
782 1899 904 1955 1-21.
1135 1897 1192 1947 144.

412 1995 417 2048 Ι
453 1982 502 2041 69.
525 1984 593 2041 item
614 1984 685 2040 illud
699 2000 808 2058 quoqne
823 1991 948 2040 constare
963 1984 1087 2057 uidetur,
1102 1987 1125 2043 si

167 2084 380 2094 ......-----

243 2152 263 2220 1)
277 2154 301 2203 Ιι.
316 2170 338 2204 e.
357 2169 408 2205 non
427 2160 524 2203 tantum
542 2154 578 2203 ad
595 2153 691 2204 liberos
708 2153 756 2202 sed
772 2156 863 2211 etiam,·
886 2155 970 2218 ipitur
988 2169 1038 2205 nan
1056 2162 1126 2205 recte

170 2222 267 2323 [etiarn]
281 2222 334 2275 Kr.
348 2227 388 2274 ed.
403 2237 424 2275 2.
460 2223 585 2274 Similiter
604 2226 676 2274 etiam
694 2238 786 2288 quoqne
806 2225 935 2274 interdum
953 2227 1124 2276 cumulantur.

182 2295 251 2360 )Eu
270 2290 329 2351 Vct).
343 2296 389 2344 sed
404 2291 453 2344 ‘si'
471 2302 495 2344 et
509 2290 610 2344 ‘etiam'
626 2297 750 2358 supplevi.
785 2295 858 2344 Nihil
870 2299 972 2361 supplet
985 2295 1034 2348 Kr.
1049 2297 1088 2346 ed.
1104 2309 1124 2348 t.

172 2361 193 2429 Β)
208 2363 341 2427 Supplevit
349 2363 422 2414 Stud.
433 2366 472 2413 ed.
482 2366 529 2414 sed
536 2368 620 2428 spatio
634 2368 753 2430 exipente
763 2366 856 2415 addidi
867 2365 999 2433 t(a)m(eu).
1050 2364 1073 2432 ⁴)
1082 2368 1125 2418 Ita

169 2436 337 2484 uerisimilius
358 2435 513 2484 Bluhmiana
536 2452 604 2485 nunc
627 2438 785 2499 interpretor
808 2439 884 2487 etiarn
904 2440 987 2503 mapis
1009 2453 1043 2487 ear
1065 2438 1126 2488 Gaii

168 2520 245 2555 sensu
269 2507 314 2570 qui
335 2513 424 2569 aperte
450 2506 497 2556 hos
516 2507 584 2555 inter
606 2514 705 2555 ceteros
728 2506 893 2556 exheredatis
915 2523 1044 2571 opponere
1062 2512 1123 2558 uult.

171 2574 193 2643 ⁶)
206 2575 363 2625 Sententiam
377 2577 444 2625 hanc
456 2577 539 2640 fuisse
553 2578 687 2638 suspicor:
701 2576 722 2622 si
736 2576 772 2636 is,
787 2577 826 2639 qui
841 2577 949 2625 Latinum
968 2579 1064 2641 iecerit,
1083 2582 1124 2629 uel

169 2648 226 2696 eius
243 2648 318 2696 liberi
335 2649 434 2710 solique
452 2648 477 2695 ei
490 2646 598 2695 heredes
608 2645 678 2708 facti
690 2646 790 2703 uiuant,
811 2661 867 2694 eum
880 2647 993 2697 Latinus
1006 2651 1124 2709 moritur,

170 2718 237 2767 nihil
260 2719 320 2766 noui
340 2724 446 2766 senatus
468 2717 583 2766 consulto
601 2714 776 2763 introductum
793 2729 859 2776 esse3
883 2717 945 2766 hunc
966 2719 1029 2767 enim
1047 2720 1123 2768 solum

170 2802 257 2837 casum
276 2788 305 2835 id
321 2794 451 2850 spectare,
471 2801 527 2835 cum
546 2784 578 2834 ab
596 2781 741 2854 herediibus
761 2786 872 2848 defuncti
893 2788 929 2835 ins
948 2788 972 2835 in
991 2788 1060 2837 honis
1078 2790 1124 2838 La·

170 2858 274 2905 tinorum
297 2856 333 2905 ad
355 2855 450 2905 liberos
467 2857 523 2905 eius
541 2856 684 2919 transferri
696 2858 785 2918 possit.
822 2854 875 2904 Sed
891 2859 940 2906 etsi
955 2861 1125 2908 manumissor

170 2926 293 2975 Latinum
306 2934 432 2976 eutraneo
451 2927 575 2991 lepaverit
589 2925 623 2990 (s,
638 2924 702 2992 195),
722 2925 789 2977 SCto
803 2929 885 2976 locum
898 2943 949 2977 non
962 2943 1018 2978 esse
1031 2930 1123 2987 uideri,

171 2998 240 3062 quad
258 2996 353 3046 liberos
370 3003 468 3046 tanturn
486 2999 619 3047 extraneis
636 2997 773 3046 heredibus
788 3000 958 3060 praetulerit;
976 3014 1026 3063 qua
1045 3000 1077 3049 de
1095 3015 1124 3048 re

170 3074 253 3116 tamen
268 3082 318 3116 nan
336 3067 437 3125 dubita,
457 3069 518 3130 quin
536 3068 705 3117 dissenserint
718 3066 787 3127 tart,
805 3071 858 3117 siue
871 3077 997 3119 extraneo
1011 3071 1065 3119 siae
1079 3071 1125 3119 uni

170 3153 205 3186 ecc
219 3137 307 3187 liberis
321 3153 372 3200 per
388 3139 596 3201 praeceptionem
613 3139 726 3187 Latinus
744 3142 843 3203 lepatus
858 3142 953 3202 fuerit,
971 3142 1050 3190 ethis
1064 3156 1123 3191 con·

170 3210 305 3258 trauersiis
323 3210 445 3257 maiorem
458 3214 559 3271 partem
575 3224 638 3273 pap.
658 3220 702 3259 141.
728 3216 878 3272 occupatam
897 3212 989 3273 fuisse.
1030 3210 1124 3276 Seque-

170 3278 265 3327 bantur
283 3278 376 3327 deinde
394 3280 463 3327 aliae
482 3280 686 3338 controuersiae,
705 3286 729 3327 et
747 3281 774 3328 in
794 3280 835 3328 his
848 3282 949 3343 primu,
968 3289 996 3331 ut
1005 3290 1082 3346 puto,
1101 3285 1126 3332 si

170 3348 260 3397 liberis
278 3356 375 3398 tantum
393 3348 531 3398 heredibus
548 3350 673 3398 institutis
691 3364 757 3398 unus
775 3365 809 3398 ex
827 3351 860 3399 iis
877 3367 905 3400 se
919 3351 1073 3403 abstinuerit
1086 3356 1125 3403 uel

169 3418 337 3468 hereditatem
355 3420 494 3482 spreverit,
513 3418 579 3469 bona
596 3420 688 3469 Latini
706 3420 742 3468 ad
758 3435 843 3470 omnes
861 3437 895 3471 an
909 3424 945 3472 ad
957 3439 1001 3474 eos
1019 3432 1124 3483 tantum,

170 3490 215 3553 qui
228 3488 335 3538 heredes
350 3490 420 3552 facti
432 3496 493 3539 sunt
506 3489 585 3553 (quod
597 3492 686 3540 aerius
698 3488 747 3556 est)
759 3493 914 3553 pertineant.
954 3494 1034 3555 Quam
1047 3510 1124 3561 quae-
