2609 3942
445 183 504 221 9111
522 184 619 224 msam.
637 166 684 221 IV.
703 173 812 224 'te-81.
1047 168 1111 233 375

149 341 231 400 agere
251 341 306 381 non
325 327 445 397 possim,
467 340 527 379 aum
548 341 615 380 uero
631 326 726 381 exierit
746 324 853 381 demea
872 319 1024 400 potestate,
1045 334 1110 389 tuuc

150 426 207 466 eam
235 409 399 464 resuscitari.
448 403 496 464 79.
530 407 595 462 Cum
624 416 712 464 autera
742 407 926 465 filiusfamilias
956 425 987 465 en
1021 410 1110 466 noxali

150 509 231 549 caasa
245 492 378 565 mancipio
402 491 495 561 datur,
519 491 642 547 diuersae
658 492 767 548 scholae
789 501 914 549 auctores
934 499 1045 566 putant,
1070 501 1111 549 ter

151 593 212 632 eum
235 568 367 649 mancipia
390 575 446 631 dari
468 574 582 644 debere,
606 577 668 648 quia
690 576 752 650 lege
766 593 814 632 111
829 575 980 632 tabularum
1003 584 1110 631 cautum

150 662 195 730 sit,
210 651 271 736 ’(ne
285 661 362 731 fitius
377 661 411 714 de
425 665 567 730 potestate
580 663 678 730 patris
693 653 806 730 aliter)¹
823 668 908 729 areat,
929 675 1006 732 quam
1027 660 1050 713 sl
1068 668 1111 714 ter

151 743 232 799 luerit
243 745 422 816 mancipatus:
441 742 556 798 Sabinus
568 750 596 798 et
606 741 714 798 Cassius
727 745 864 815 ceterique
876 751 991 799 nostrae
1002 741 1110 797 scholae

152 834 277 883 auctores
293 824 417 882 sulficere
432 842 513 881 unam
534 828 755 899 mancipationem
771 827 958 889 crediderunt3
978 818 1109 881 'etenim²

151 918 208 967 tres
223 911 284 983 lege
297 926 344 966 x11
356 909 505 966 tabularum
522 911 553 966 ad
568 909 732 965 uoluntarias
745 912 952 984 mancipatioaes
964 910 1109 982 pertinere.

214 992 267 1052 80.
291 993 362 1050 Haeo
383 995 420 1049 ita
443 994 475 1049 de
497 993 539 1049 his
561 994 704 1067 personis,
727 1011 796 1067 quae
812 996 839 1049 ln
855 1001 991 1069 potestate
1007 985 1109 1068 (sunt),

151 1080 209 1133 siue
227 1095 258 1133 ex
274 1087 415 1134 contractu
430 1078 488 1150 siue
509 1095 542 1134 ex
558 1077 694 1134 maleficia
712 1092 802 1133 earum
818 1077 1022 1136 'controuersia
1039 1069 1110 1133 sitz³

152 1160 224 1235 quod
246 1178 312 1216 uero
336 1162 368 1217 ad
384 1177 431 1218 eas
451 1178 597 1235 personas,
621 1179 689 1235 quae
708 1163 736 1217 ia
752 1179 831 1217 manu
850 1164 1020 1235 mancipioue
1035 1168 1110 1230 sant,

152 1247 189 1299 ita
203 1246 246 1300 ius
262 1244 375 1316 dieitur,
397 1254 428 1302 ut
444 1262 505 1301 oum
521 1263 551 1301 ex
568 1251 714 1301 contractu
735 1261 826 1301 earum
841 1238 992 1318 'agatur,⁴
1011 1245 1062 1299 nisi
1078 1242 1110 1298 ab

152 1344 201 1397 eo,
218 1329 294 1383 ouius
314 1330 365 1382 iuri
385 1328 520 1384 subiectae
541 1330 610 1394 sint,
632 1327 791 1382 insolidum
815 1327 1008 1397 defendantur,
1027 1325 1110 1397 hona,

152 1427 222 1483 quae
238 1426 328 1465 earum
344 1410 436 1466 lutura
450 1411 540 1465 forent
547 1448 556 1482 ,
579 1411 602 1464 si
624 1412 685 1465 eius
705 1411 760 1465 iuri
779 1409 913 1465 sublectae
934 1426 989 1464 non
1008 1417 1111 1480 essent,

152 1500 285 1548 ueneant:
309 1492 355 1546 sed
371 1509 431 1547 cam
446 1492 572 1548 ’rescissa
589 1497 694 1563 capitis
709 1495 896 1550 deminutione
912 1510 976 1548 cum
994 1486 1110 1548 9951111-

151 1577 228 1650 peria
245 1577 394 1631 continenti
413 1575 514 1631 iudicia
536 1575 650 1648 agitur,
669 1568 672 1653 l
689 1579 715 1631 si
728 1578 871 1632 aduersus
891 1593 953 1633 eam
969 1580 1109 1633 actionem
1119 1583 1176 1631 219.

152 1678 209 1717 nan
226 1660 435 1732 defendantur,
458 1662 543 1714 etiam
566 1675 630 1715 cum
652 1663 717 1728 ipsa
739 1662 875 1729 muliere,
895 1663 960 1715 duna
980 1661 1007 1715 in
1024 1677 1110 1715 manu
1124 1649 1140 1686 ⁸·
1155 1656 1174 1685 ⁸·

154 1751 211 1813 est,
240 1747 288 1816 api
312 1748 422 1813 potest,
451 1745 518 1812 quia
547 1749 605 1797 tum
635 1746 738 1798 tutoris
760 1747 922 1798 auctoritas
942 1747 1110 1798 necessaria

80 1849 138 1904 {eoa}
154 1845 211 1884 non
234 1820 302 1882 est⁶
546 1855 923 1863 —-——————
938 1842 976 1883 vv.
998 1823 1111 1882 3-24.

152 2009 365 2017 -————

225 2044 246 2112 ¹)
261 2049 339 2098 aliter
349 2046 412 2115 (alit)
421 2050 448 2098 in
457 2051 533 2112 fiuent
543 2049 633 2107 reieci,
644 2055 672 2096 ut
681 2056 829 2112 appareret,
840 2049 932 2112 quade
942 2063 1022 2097 causa
1032 2047 1112 2097 libra·

154 2123 211 2171 rius
224 2120 288 2168 haec
301 2121 424 2168 omiserit.
480 2115 502 2186 ²)
518 2125 544 2179 et
552 2119 618 2179 ,illam
637 2119 665 2168 V
665 2115 692 2168 ἢ.
713 2126 737 2167 at
746 2120 799 2168 illas
810 2118 913 2184 (deinde
923 2125 972 2167 tres
983 2117 1052 2182 legis)
1063 2119 1112 2167 Kr.

154 2193 194 2241 ed.
204 2201 223 2241 9.
279 2185 300 2255 ⁸)
314 2189 359 2238 Ex
373 2189 472 2239 Blulam.
487 2189 560 2249 Sala,
576 2205 641 2255 quae
652 2191 749 2252 finiunt
762 2192 789 2238 in
801 2230 806 2241 .
817 2230 822 2240 .
833 2229 838 2240 .
848 2229 854 2240 .
864 2190 899 2238 sia
914 2191 960 2238 o’et.
976 2196 1039 2237 esset
1054 2189 1112 2237 edd.

155 2259 176 2324 ⁴)
187 2267 297 2322 ageretur
306 2260 331 2310 O.
342 2261 400 2308 edd.
438 2258 459 2323 ⁶)
470 2259 616 2311 Secundum
628 2256 806 2324 Wscriptum
812 2261 995 2324 fuisseputaai
1003 2259 1113 2308 rclssakd

155 2333 207 2381 ciis.
246 2327 266 2393 ⁶)
281 2329 437 2380 Sententiam
453 2332 490 2378 ita
498 2331 557 2393 fere
568 2332 673 2394 perfeci
683 2327 788 2380 ‘Galus’
797 2346 825 2394 p.
834 2341 880 2383 119.
900 2330 986 2380 Aliter
1001 2329 1118 2393 Rudorff

155 2401 205 2450 Ed.
216 2408 316 2464 perpet.
327 2415 355 2463 p.
365 2412 399 2451 99.
419 2407 527 2449 tutorem
537 2416 667 2462 personae
682 2403 762 2449 alieni
777 2403 845 2450 iuris
864 2402 950 2450 datum
965 2403 1112 2450 contraius

156 2473 231 2520 civile
244 2478 367 2520 statuens.
379 2498 411 2505 -
424 2469 498 2518 Haec
510 2470 625 2533 sortasse
639 2468 710 2532 (nam
719 2472 746 2517 in
752 2486 780 2532 p.
792 2483 830 2522 219
841 2472 997 2533 nitrilpaene
1003 2478 1113 2533 praeter

150 2543 268 2605 paucula
283 2541 407 2606 quaedam
421 2548 446 2589 et
455 2542 556 2589 incerta
566 2541 617 2603 tepi
623 2538 720 2602 patuit)
730 2554 762 2587 ea
771 2542 857 2587 statim
866 2548 1032 2602 exceperunt,
1048 2555 1112 2604 quae

155 2611 231 2660 labet
240 2626 284 2674 pr.
300 2610 320 2662 Ι.
339 2612 363 2659 si
376 2610 468 2675 quadr.
475 2625 556 2673 paup.
568 2609 599 2673 (4,
609 2609 641 2673 8),
656 2609 702 2657 sed
711 2615 808 2656 tantum
818 2609 925 2657 haecce:
944 2607 1112 2659 ‘Animalium

156 2683 269 2740 nomine,
289 2683 474 2745 quaeratione
494 2687 591 2737 carent,
610 2680 634 2728 si
653 2693 703 2742 qua
722 2679 832 2728 lasciuia
850 2686 895 2726 aut
910 2680 1019 2742 feruore
1040 2677 1113 2744 (aliia

158 2748 293 2818 ‘pauore')
313 2758 358 2800 aut
372 2751 480 2814 feritate
495 2751 647 2814 pauperiem
663 2749 789 2811 fecerint,
809 2750 915 2797 nonalis
928 2751 997 2798 actio
1012 2752 1067 2814 lepe
1080 2760 1116 2793 an

155 2822 302 2872 tabularum
320 2822 429 2884 prodita
451 2827 503 2870 est:
521 2836 585 2885 quae
604 2820 727 2870 animalia
745 2821 770 2868 si
788 2833 873 2868 noxae
891 2818 1032 2878 dedantur,
1048 2834 1113 2882 pro·

152 2894 301 2956 ficiuntreo
311 2892 347 2940 ad
356 2891 540 2947 liberationem,
555 2892 616 2955 qnia
630 2889 669 2940 ita
684 2892 728 2938 lex
741 2900 777 2932 1111
787 2888 837 2938 tab.
852 2890 953 2951 scripta
967 2885 1025 2937 est'
1056 2888 1113 2938 Nan

156 2965 233 3012 etiam
248 2970 343 3021 cetera,
357 2977 422 3026 quae
436 2961 474 3010 ibi
482 2968 632 3025 sequantur,
647 2975 711 3024 quae
727 2960 831 3009 aliunde
841 2966 929 3008 assuta
940 2973 995 3007 esse
1005 2965 1112 3008 constat.

160 3033 241 3082 Gaius
255 3039 347 3083 contra
361 3039 422 3095 post
439 3030 504 3082 lraec
517 3033 618 3081 dimisse
636 3031 751 3089 videtur,
770 3030 837 3079 illud
854 3030 963 3079 omnium
981 3029 1115 3077 namatium

156 3105 288 3153 actionum
301 3117 429 3152 commune
442 3117 511 3160 9999,
526 3102 632 3166 quodsi
645 3116 736 3151 servus
750 3103 789 3149 ael
802 3102 899 3150 animal
912 3106 972 3148 ante
986 3100 1040 3147 litis
1054 3113 1114 3147 con·

156 3174 318 3223 testationem
331 3174 516 3230 mantuanam,
536 3174 641 3222 nonalis
660 3174 728 3221 actia
747 3173 930 3235 exstinpuatur
949 3167 991 3233 (L.
1007 3181 1026 3218 1.
1042 3169 1065 3229 §-
1081 3179 1113 3218 19.

158 3244 190 3293 Ι).
205 3245 230 3292 ei
244 3244 335 3307 qrcadr.
347 3255 367 3304 9,
379 3256 396 3293 1.
410 3243 441 3290 Ι..
452 3254 486 3293 99.
501 3244 524 3304 5.
534 3255 555 3292 a.
575 3243 607 3291 L.
623 3254 656 3293 aa.
671 3244 695 3304 §-
709 3254 730 3292 1,
750 3242 782 3290 D.
797 3239 1014 3305 deuocatus).
1034 3238 1117 3287 Aliud

158 3316 226 3362 iuris
244 3329 311 3371 9999,
329 3314 354 3361 si
368 3320 428 3376 past
442 3314 496 3361 litis
515 3315 724 3363 contestationem
738 3314 778 3360 rei
792 3315 869 3376 aulpra
883 3312 1011 3361 moriatur
1025 3307 1068 3374 (L.
1083 3320 1116 3360 19.

230 3430 255 3502 ξ.
271 3437 313 3485 te.
336 3434 374 3497 Of.
390 3446 529 3499 1,140seq.
549 3446 595 3487 199.
611 3445 657 3486 199.
678 3435 709 3483 L.
724 3446 744 3485 9.
760 3437 784 3496 §-
798 3447 820 3485 t.
839 3435 872 3483 D.
884 3434 915 3482 de
927 3433 991 3483 dam.
1002 3432 1045 3482 lib.
1055 3433 1116 3482 emi.

158 3504 205 3572 (49,
220 3506 263 3570 aa).
323 3500 349 3572 §-
365 3508 406 3556 80.
428 3505 465 3568 Of.
479 3518 501 3568 9,
515 3517 548 3557 aa.
567 3518 588 3568 a,
603 3517 636 3557 99.
656 3518 677 3568 1,
692 3516 738 3556 tat.
753 3516 800 3556 191.
824 3505 879 3568 Uip.
895 3516 928 3566 11,
942 3515 976 3555 m.

523 1902 588 1981 tat.
612 1907 697 1976 ’Quid
717 1923 784 1981 ergo
805 1912 868 1963 est?
888 1910 991 1964 etiarnsi
1014 1909 1042 1966 ei
1062 1902 1176 2018 (dettatp.
