2609 3942
201 187 266 251 234
500 201 559 236 om
575 201 676 237 mnu.
693 183 729 241 IL
746 189 854 238 60-61.

202 343 314 398 alienam
329 343 468 416 usucapit:
490 358 550 396 natu
565 342 611 413 qui
625 357 683 396 rem
698 340 777 396 alicui
799 340 911 399 fiduciae
931 360 1012 399 causa
1025 347 1162 420 mancipio

202 426 307 481 dederit
321 426 366 481 uel
381 428 408 480 iu
422 429 482 480 iure
496 427 619 495 cesserit,
634 427 658 479 si
672 424 784 480 undem
798 426 857 498 ipse
877 427 1045 499 possederit,
1066 438 1163 501 potest

203 526 351 583 usucapere
365 526 436 564 anuo
450 508 566 577 scilicet,
581 503 691 584 (etiarn)
707 509 759 563 soli
773 508 797 563 si
811 510 856 567 sit.
890 526 959 583 quae
973 513 1079 584 species
1094 530 1163 570 usu·

202 595 322 666 capionis
342 593 441 649 dicitur
455 594 639 665 usureceptio,
662 594 725 665 quia
745 592 782 659 id,
806 594 879 666 quod
899 593 1043 666 aliquando
1065 596 1160 652 habui·
1174 605 1231 659 [ιω]

202 693 272 747 mue,
294 679 439 750 recipimus
460 694 511 750 per
525 679 729 750 usucapionem.
765 671 816 733 60.
830 675 883 731 Sed
898 694 959 733 cum
974 676 1069 734 fiducia
1082 679 1161 736 'cou-

203 756 347 816 trahatur¹
370 768 418 816 aut
438 777 498 816 cum
521 761 655 815 creditore
677 761 799 832 pignoris
819 762 891 831 iure,
912 768 960 816 aut
977 778 1040 818 curu
1060 764 1161 834 amico,

202 839 271 915 quo²
286 846 372 899 tutius
387 851 500 898 nostrae
520 860 565 898 res
585 845 658 916 apud
671 860 733 899 eum
747 847 813 913 unt,
834 845 858 898 si
873 845 982 917 quidem
996 862 1058 900 cum
1072 849 1160 904 amico

201 936 340 983 contracta
358 929 394 982 sit
409 927 519 998 fiducia,
537 943 602 981 saue
616 926 772 983 omnimodo
786 930 909 1000 conpetit
923 923 1161 1002 'ususreeepti033

201 1012 225 1065 si
240 1027 306 1064 uero
321 1027 382 1065 cum
397 1009 543 1079 creditore,
561 1009 652 1065 soluta
666 1010 774 1081 quidem
792 1013 906 1083 pecunia
924 1012 1079 1067 omnimodo
1094 1030 1159 1070 cou-

201 1095 281 1166 petit,
296 1094 416 1150 noudum
431 1109 497 1149 uero
511 1094 601 1149 soluta
616 1095 653 1148 ita
669 1093 776 1149 demum
791 1096 931 1168 competit,
951 1097 975 1150 si
990 1112 1080 1170 neque
1093 1113 1159 1153 cou-

202 1176 308 1231 durerit
323 1194 381 1233 eam
395 1194 451 1232 rem
466 1195 482 1232 a
496 1179 630 1234 creditore
640 1177 755 1246 debitor,
770 1194 860 1250 neque
869 1180 992 1252 precario
1007 1183 1159 1252 rogauerit,

203 1270 232 1315 ut
247 1277 305 1316 eam
320 1278 376 1317 rem
391 1262 531 1335 possidere
545 1263 653 1322 liceret;
677 1278 731 1333 quo
750 1277 814 1316 casu
835 1262 967 1318 lucratiua
989 1258 1160 1337 'ususcapi04

202 1346 334 1418 conpetit.
371 1343 418 1401 tl.
432 1343 499 1401 item
520 1348 545 1400 si
558 1362 616 1400 rem
632 1343 776 1417 obligatam
790 1344 841 1400 sibi
861 1346 980 1419 populus
995 1347 1158 1413 pendiderit,

201 1444 314 1501 eamque
329 1428 453 1484 domiuus
468 1430 629 1502 possiderit,
651 1445 780 1484 concessa
802 1437 845 1484 est
863 1422 1095 1503 'ususreceptio:³
1109 1430 1160 1486 sed

201 1511 253 1566 boc
272 1528 336 1566 casu
358 1512 496 1585 praedium
517 1514 624 1568 biennio
651 1514 848 1584 usurecipitur:
874 1523 903 1569 et
922 1513 976 1569 boc
999 1523 1057 1585 est,
1084 1514 1161 1587 quod

201 1594 286 1667 uolgo
311 1595 423 1664 dicitur,
450 1612 482 1651 ex
496 1595 667 1669 praedicturi
691 1597 891 1669 posscusionem
918 1599 1071 1671 usurecipi:
1097 1613 1160 1653 uam

201 1678 247 1751 qui
262 1686 426 1734 mercatura
441 1679 558 1752 populo,
573 1679 727 1752 praedictor
741 1679 902 1752 appellatur.
964 1715 969 1720 ,

269 1754 334 1823 iit.
352 1761 470 1809 tiu-et.
488 1754 563 1809 infru
579 1771 630 1809 ouo
647 1755 710 1809 loco
728 1771 833 1820 quaere
850 1758 914 1823 poet
930 1760 956 1819 ς.
974 1758 1027 1823 re]

274 1910 295 1979 ¹)
315 1915 461 1963 contrahitur
481 1914 507 1963 Ο.
526 1916 566 1963 ed.
584 1914 633 1978 Bq.
651 1922 677 1964 et
698 1913 747 1961 Kr.
767 1925 788 1972 i,
807 1930 872 1979 quae
891 1915 967 1964 initio
984 1917 1078 1964 omittit
1095 1931 1160 1979 cum,

196 1991 288 2047 postea
302 1992 362 2033 ante
376 1986 396 2033 si
412 1984 507 2047 quidem
521 1985 633 2033 intrudit
646 1991 671 2032 et
680 1992 772 2033 contra
783 1984 809 2033 θ.
819 1992 845 2034 et
859 1984 920 2033 Gaii
927 1987 1029 2049 stylum.
1065 1981 1088 2050 ¹)
1102 1986 1161 2035 Iani

201 2056 228 2102 in
243 2056 300 2118 ipra
314 2057 433 2104 oratione
442 2057 522 2117 posui
530 2070 576 2118 quo
586 2069 638 2117 pro
653 2055 716 2117 quod
728 2054 754 2102 Ο.
773 2061 798 2103 el
807 2063 899 2117 postea
911 2056 959 2103 siut
968 2070 1021 2119 pro
1031 2064 1112 2105 esseut
1126 2057 1161 2113 0,-

200 2141 259 2173 nam
272 2127 371 2189 alioqui
383 2139 473 2173 aeneae
482 2133 561 2173 ercet:
575 2125 644 2189 quod
652 2123 815 2187 putabamur,
829 2128 910 2174 tutiua
918 2133 1023 2175 naalma
1031 2141 1075 2176 ree
1088 2128 1162 2191 apud

200 2211 256 2244 eum
268 2197 342 2258 fore:
356 2196 573 2258 noneatiaaptua.
624 2190 643 2257 ⁸)
658 2193 704 2244 Sic
719 2194 746 2243 G.
760 2197 913 2257 usureceptio
922 2196 981 2246 edd.
991 2209 1012 2246 1.
1021 2207 1042 2245 u.
1081 2194 1160 2261 ⁴)Sie

202 2266 228 2314 0.
243 2266 356 2327 usucapio
375 2266 434 2314 cdd.
453 2278 474 2315 1.
491 2276 512 2314 2.
568 2261 590 2330 5)
610 2264 689 2313 Recte
707 2265 890 2314 Heirndacltiue
906 2268 1010 2325 statuit,
1027 2267 1078 2316 liae
1094 2284 1159 2330 per·

200 2337 283 2384 tinere
292 2337 332 2397 §i-
341 2346 438 2388 oo-re.
465 2333 572 2385 Scilicet
580 2350 631 2398 per
645 2337 870 2397 transpositionem
881 2336 996 2399 fortasse
1008 2339 1085 2386 unius
1096 2339 1161 2400 folii

199 2408 345 2468 §iot-tt.
374 2407 529 2455 continentia
546 2408 573 2454 in
592 2407 740 2469 antiquiore
758 2407 860 2464 codice,
879 2421 914 2455 ec
932 2423 982 2471 quo
1001 2407 1160 2457 Veronensis

196 2478 277 2542 fiuxit
291 2476 366 2542 (folii
379 2483 445 2539 puta
464 2491 514 2525 non
533 2478 616 2524 luctae
631 2475 747 2538 formae,
760 2477 807 2524 aed
818 2479 938 2535 minutae,
960 2479 1053 2541 quippe
1067 2480 1094 2527 in
1108 2494 1159 2542 qao

199 2554 296 2596 tantum
310 2562 375 2610 quae
389 2547 550 2605 exciderant,
564 2554 641 2596 eram
653 2544 789 2611 suppleta),
800 2546 901 2609 sactum
913 2553 966 2605 ert,
980 2554 1010 2595 ut
1021 2563 1089 2607 eum,
1109 2564 1159 2613 quo

200 2619 227 2665 in
255 2616 350 2665 Veron.
374 2618 507 2681 lequntur,
529 2620 612 2667 locum
634 2616 778 2667 obtinerent
799 2632 863 2666 eane
885 2619 1009 2680 ineptum,
1033 2619 1161 2682 quidquid

201 2687 371 2736 Mommaenuc
388 2688 581 2736 commendandi
598 2690 637 2737 uel
655 2688 801 2737 eaecuoandi
812 2690 869 2736 eiua
880 2690 970 2753 qratia
984 2690 1011 2737 in
1026 2690 1065 2738 ed.
1080 2689 1129 2738 Kr.
1145 2701 1158 2740 a

201 2757 385 2806 contradicat.
412 2756 449 2820 Os.
464 2759 503 2806 tit.
518 2756 541 2806 I.
555 2770 576 2819 2,
590 2770 611 2808 e.
634 2759 693 2822 qui,
712 2766 740 2807 ut
753 2772 796 2807 rer
806 2758 924 2822 fiaqitat,
943 2774 1030 2808 rerum
1044 2761 1158 2824 acquiri·

200 2826 313 2877 tionibus
326 2827 402 2875 etlam
415 2828 579 2877 naturalibua
592 2827 724 2883 absolutio,
739 2829 770 2876 de
784 2828 838 2886 itia,
857 2828 949 2893 quibua
967 2831 1084 2878 alienare
1098 2831 1159 2879 licet

200 2899 240 2948 uel
254 2912 313 2956 non,
327 2899 399 2946 nulla
413 2900 499 2946 aliena
513 2913 543 2946 re
557 2899 694 2947 interiecta
708 2899 770 2963 aqit.
797 2897 833 2947 Et
853 2907 881 2948 ut
899 2902 973 2965 lonqe
987 2902 1075 2963 aptiae
1092 2914 1158 2965 quae

116 2958 121 2970 ⁴
199 2971 238 3031 §5-
253 2980 280 3019 tu
292 2983 343 3033 req.
363 2970 481 3033 leqimuc,
500 2969 558 3028 §um
575 2979 610 3018 ot.
629 2984 704 3033 quam
719 2971 776 3030 §um
793 2982 827 3020 tu.
845 2977 999 3034 sequuntur,
1019 2972 1056 3019 ita
1077 2970 1159 3019 Gaiue

199 3041 231 3101 §a
245 3051 278 3091 aa.
293 3054 336 3096 eo,
355 3053 427 3103 quem
446 3039 473 3086 in
493 3037 519 3086 0.
539 3038 633 3087 Veron.
653 3038 749 3088 obtinet
767 3042 861 3096 locum,
880 3041 969 3090 dicere
986 3056 1037 3090 noa
1052 3048 1159 3103 poterat

200 3125 260 3174 quae
275 3110 389 3170 diximus,
403 3108 451 3156 aed
463 3122 533 3158 inore
545 3123 592 3157 ruo
607 3123 667 3172 quae
680 3124 752 3173 snpra
767 3110 879 3171 diximus,
892 3111 980 3159 dicere
989 3126 1046 3159 eum
1055 3119 1159 3174 oporte·

199 3181 249 3230 bat.
265 3206 298 3216 -
313 3178 404 3243 Itaque
419 3179 470 3227 iam
483 3180 521 3241 §i-
536 3190 631 3230 ot-tt.
646 3194 694 3229 ruo
708 3182 764 3229 loco
778 3181 914 3230 restituere
930 3182 1042 3244 placuit,
1062 3183 1159 3231 lectore

199 3259 281 3300 tanuen
295 3250 424 3299 admonito
439 3265 485 3299 nee
499 3251 603 3299 mutatis
620 3251 660 3312 ἓξ.
675 3252 801 3299 numerio:
819 3250 889 3314 quod
907 3252 990 3313 iprum
1003 3250 1052 3316 Bq.
1066 3266 1159 3301 errore

199 3335 246 3371 ouo
260 3322 376 3386 coquito,
387 3319 454 3382 fecit
467 3321 506 3370 ed.
521 3330 542 3372 t.

200 3429 276 3509 pani.
291 3472 312 3521 2,
326 3473 359 3511 ιε.
375 3476 429 3509 eum
443 3458 532 3528 amico]
554 3460 592 3524 cf.
612 3460 700 3509 Vater.
716 3460 790 3509 Max.
805 3471 832 3518 t,
846 3473 866 3510 2.
886 3462 909 3523 e.
925 3472 945 3512 r.
1017 3457 1043 3529 ς.
1059 3464 1101 3511 oi.
1118 3462 1158 3525 cf.

202 3530 231 3580 L.
246 3541 266 3582 t.
286 3529 319 3578 D.
334 3531 366 3579 de
379 3545 445 3580 rere.
460 3533 533 3580 oend.
548 3530 593 3596 (18,
608 3531 639 3595 t).
