2609 3942
188 187 252 252 376
481 200 543 237 om
559 200 659 235 msrrr.
677 181 726 234 IV.
744 186 853 235 82-83.

190 360 243 418 qus
257 358 288 398 re
303 340 383 397 modo
399 338 525 410 diximus)
540 354 650 413 quoque
665 354 720 395 nou
735 340 896 411 permissum
911 338 1003 407 luerit,
1018 332 1059 394 et¹
1077 355 1151 394 mor·

190 434 252 483 tuos
267 426 390 481 homines
405 423 519 494 dedere,
534 432 624 479 tamen
643 430 672 478 et
691 424 715 476 si
735 423 795 495 quis
815 438 878 477 eum
892 421 1009 491 dederit,
1026 424 1074 494 qui
1090 422 1150 478 lato

189 526 240 566 suo
256 510 312 564 uita
326 509 484 578 excesserit,
499 523 584 580 aeque
598 505 735 562 liberatur.

252 588 302 649 82.
314 592 390 648 Nunc
402 590 562 646 admonendi
573 605 679 659 sumus,
690 604 775 663 egere
785 604 837 644 uos
849 580 986 663 '(posse)²
994 595 1041 644 aut
1050 598 1150 644 nostro

190 679 299 733 nomine
319 683 367 731 aut
383 675 485 743 alieno,
507 673 594 730 ueluti
614 673 785 746 cognitoris,
805 673 1013 745 procuratorio,
1034 675 1148 744 tutorio,

191 761 341 832 curatoris,
369 774 431 814 cum
459 757 538 827 olim,
568 773 622 830 quo
652 765 774 828 tempore
801 755 870 828 legis
892 757 1014 811 actiones
1035 757 1063 810 in
1085 754 1150 812 ’usu

191 837 318 914 essent,³
338 842 449 898 ulterius
464 842 573 896 nomine
588 856 670 913 cgere
684 856 740 894 non
762 839 873 909 liceret,
893 835 1100 911 ’praeterquam
1116 855 1150 895 ex

191 929 276 984 certis
301 918 417 982 causis.⁴
461 921 512 982 83.
535 923 668 997 Cognitor
689 931 779 979 autem
801 923 883 978 certis
905 921 996 978 uerbis
1023 924 1051 977 in
1073 923 1150 979 litem

191 1026 282 1066 eorum
298 1008 454 1064 aduersario
469 1007 656 1063 substituitur:
678 1023 738 1062 nam
753 1014 831 1062 actor
845 1006 885 1061 ita
900 1007 1072 1079 cognitorem
1088 1005 1149 1061 dat:

193 1108 276 1158 ouon
296 1106 359 1149 noo
377 1106 398 1146 A
417 1105 460 1146 rs
479 1089 556 1146 uerbi
575 1089 662 1163 gratia
683 1105 809 1146 rvrnvu
826 1105 924 1160 euro,
944 1105 978 1145 m
998 1103 1065 1145 suu
1084 1107 1152 1147 ssu

191 1191 308 1233 ovorvsr
335 1190 448 1231 rrrrvu
478 1188 540 1230 rim
573 1188 776 1231 occursorum
807 1188 865 1236 1³03
898 1173 1068 1229 aduersarius
1097 1175 1149 1230 ita:
1165 1191 1222 1245 {2⁹⁴1

193 1319 229 1375 DJ
244 1327 276 1375 de
294 1327 383 1375 nouat.
403 1324 435 1372 L.
454 1336 488 1375 21.
508 1325 531 1385 §-
551 1336 571 1374 1.
591 1323 623 1372 D.
642 1323 679 1371 ad
695 1325 744 1388 lep.
763 1322 851 1386 Aquil.
869 1334 895 1384 s,
912 1319 948 1387 2),
967 1339 1017 1386 quo
1036 1339 1099 1373 casu
1119 1340 1151 1374 ne

192 1403 318 1447 mortuum
331 1396 432 1459 quidem
450 1394 574 1444 hominem
591 1408 678 1443 noxae
692 1394 757 1442 aare
773 1394 798 1442 ei
816 1394 903 1442 licere.
933 1392 1016 1442 Plane
1033 1396 1058 1442 si
1076 1395 1100 1443 is
1118 1394 1151 1443 ab

193 1468 248 1516 alia
266 1466 415 1524 occidatur,
433 1479 540 1528 aequum
559 1465 639 1512 uisum
658 1478 713 1512 esse
730 1460 805 1528 (laec
820 1463 936 1525 sortasse
954 1465 1150 1514 1112122221-

189 1533 309 1600 parent),
332 1542 357 1583 ut
380 1535 462 1595 iudex,
485 1535 506 1582 si
529 1548 590 1582 reus
612 1535 727 1592 actione,
750 1548 825 1596 quam
847 1533 975 1582 aduersus
998 1535 1070 1582 illum
1095 1537 1151 1597 ipse

193 1600 335 1672 apisicitur,
350 1605 436 1653 actori
450 1604 540 1653 cedere
551 1609 664 1667 paratus
676 1605 723 1660 sit,
741 1617 798 1651 eum
815 1601 931 1651 absoluat
944 1602 1018 1668 (1.1.
1033 1605 1057 1665 ᾗ.
1067 1617 1101 1655 12.
1116 1605 1150 1656 I).

193 1678 218 1726 si
231 1674 344 1740 quadr).
364 1673 474 1738 Reliqua
483 1675 599 1739 popinae
605 1687 673 1736 pars
678 1674 795 1736 sortasse
804 1674 1006 1731 controuersiam
1020 1674 1153 1724 uouebat

194 1745 268 1796 nobis
286 1747 456 1809 incognitum,
473 1746 498 1793 si
516 1745 612 1793 animal
631 1746 738 1792 nooeium
754 1745 811 1792 sine
830 1744 980 1807 cuiusquam
998 1746 1075 1808 culpa
1089 1753 1153 1808 past

194 1819 263 1867 litem
272 1823 438 1866 contestatam
449 1816 580 1878 periisset,
594 1822 680 1863 utrum
692 1828 755 1862 reus
767 1814 921 1876 simpliciter
931 1829 965 1862 an
975 1811 1056 1879 (quad
1063 1817 1153 1865 uerius

193 1885 238 1950 sit)
253 1893 313 1949 tum,
326 1888 351 1935 si
365 1886 433 1950 quod
446 1886 506 1934 inde
519 1890 676 1948 superesset,
691 1898 775 1933 usaue
789 1884 872 1941 daret,
887 1882 1059 1940 liberaretum
1072 1900 1153 1949 eoque

194 1963 293 2021 spectat
306 1959 329 2019 §-
343 1968 383 2018 81,
402 1957 438 2004 ad
456 1970 530 2020 quam
548 1954 583 2017 cf.
603 1954 662 2003 Lis.
676 1966 702 2016 8,
716 1965 750 2006 22.
770 1953 863 2003 unar.
883 1965 908 2014 t,
927 1964 960 2004 22.
1032 1951 1052 2020 1)
1068 1955 1153 2005 Missa

194 2044 263 2077 nuuc
274 2027 379 2090 faciens
392 2026 548 2076 Blulsmiana
562 2027 589 2074 irr
600 2026 652 2087 line
663 2040 692 2087 p.
702 2035 748 2076 212.
763 2031 791 2073 ut
800 2024 876 2072 nimis
890 2025 991 2073 incerta
1000 2031 1027 2073 et
1034 2028 1153 2088 paucula

194 2100 325 2156 elementa,
340 2112 405 2161 quae
416 2095 504 2148 Sidus
514 2097 541 2144 in
551 2095 639 2144 eudem
647 2095 749 2159 papias
758 2110 781 2142 u.
791 2105 826 2145 22.
839 2095 937 2152 retulit,
952 2096 1055 2144 initium
1063 2111 1093 2160 p.
1104 2107 1152 2148 222.

194 2168 333 2218 secundum
348 2165 376 2215 V
375 2162 397 2198 ³*
404 2167 443 2216 sic
455 2173 483 2214 ut
494 2166 558 2228 feci,
568 2163 742 2227 probabiliter
751 2165 803 2228 lepi
808 2178 885 2226 posse
890 2166 991 2228 putaui,
1007 2180 1153 2230 quanquam

194 2240 251 2289 eius
260 2239 393 2287 lectionem
402 2236 599 2284 incertissimam
608 2247 671 2290 esse,
686 2230 774 2282 Sidus
787 2234 900 2284 adnotet.
920 2234 984 2285 Post
995 2250 1052 2298 ergo
1066 2245 1153 2287 natam

154 2316 159 2322 '
195 2305 255 2372 c(st)
264 2307 348 2369 fuisse
359 2306 438 2369 posui
442 2321 452 2361 ,·
470 2317 564 2367 quoque
583 2304 740 2366 spectuoerit
757 2305 931 2368 differentiam
949 2306 1019 2355 inter
1038 2307 1153 2357 domines

195 2383 220 2426 et
233 2377 365 2425 animalia.
422 2370 443 2438 ¹)
458 2372 575 2423 IluInst.
588 2375 712 2436 supplevi.
730 2371 827 2424 Omittit
837 2375 885 2425 Kr.
896 2375 936 2424 ed.
947 2387 967 2425 2.
1025 2371 1094 2442 ⁸)In
1109 2373 1155 2426 V*

190 2453 253 2510 post
266 2460 322 2494 u·su
331 2459 471 2508 perperam
484 2444 585 2492 fuissent
594 2460 646 2508 pro
657 2452 738 2493 esseut
746 2447 872 2509 scriptum
880 2452 918 2494 est
931 2453 956 2494 et
969 2447 1008 2496 sic
1022 2447 1070 2497 Kr.
1080 2449 1121 2497 ed.
1131 2459 1152 2498 2.

197 2517 236 2581 Cf.
251 2527 329 2578 1,122.
343 2526 365 2577 4,
375 2525 408 2571 21,
428 2516 505 2580 idque
514 2523 585 2565 vetus
594 2516 684 2565 uitium
698 2516 806 2578 irrepsit
814 2518 891 2564 etiam
904 2517 930 2564 in
941 2516 1005 2565 Inst.
1070 2515 1093 2584 ⁴)
1107 2517 1154 2568 Sic

194 2593 265 2637 recte
279 2588 311 2649 φ’.
327 2586 441 2636 Momms.
454 2585 558 2650 Epltem.
572 2586 704 2636 arcdaeol.
724 2584 750 2634 V
748 2587 780 2634 ol.
791 2585 828 2634 II.
839 2602 867 2649 p.
878 2597 924 2637 221.
944 2585 977 2635 In
992 2586 1017 2635 V
1017 2582 1037 2618 ⁸*
1046 2603 1101 2637 esse
1115 2591 1152 2637 ui·

194 2659 254 2707 deri
263 2657 310 2706 nisi
321 2671 348 2705 er
358 2658 499 2721 quibusdum
509 2657 588 2706 crusis
599 2655 726 2705 Karlowa
737 2654 807 2707 Rom.
821 2655 957 2719 Oioilproc.
965 2672 993 2720 p.
1004 2668 1050 2708 254
1060 2666 1153 2709 auctor

194 2735 232 2780 est
246 2725 290 2793 (i).
308 2726 361 2778 Sed
374 2743 466 2778 reuera
481 2727 518 2777 ibi
531 2735 569 2776 est
583 2722 868 2793 propeiq(oum)ereeptis
881 2728 903 2774 c.

265 2883 310 2955 ἧς.
326 2887 465 2937 82-102.
487 2883 525 2947 Os.
542 2884 586 2933 li.
607 2883 665 2932 Ver.
680 2894 811 2936 sir-scr.
830 2883 906 2932 Paul.
921 2897 942 2945 1,
956 2895 977 2934 2.
992 2896 1012 2935 s.
1067 2882 1094 2954 ξ.
1109 2888 1151 2938 82.

197 2979 230 3000 =
241 2973 284 3022 pr.
299 2956 321 3006 I.
336 2958 368 3006 de
382 2958 424 3013 iis,
435 2970 486 3018 per
500 2969 563 3018 quos
576 2969 655 3020 apere
665 2969 735 3017 poss.
751 2952 783 3019 (t,
797 2953 841 3019 10).
861 2968 915 3002 cuur
930 2953 985 3003 olim
1000 2951 1060 3022 etc]
1075 2956 1110 3019 cf.
1121 2956 1153 3008 L.

196 3039 235 3079 122
249 3043 293 3091 pr.
322 3026 354 3075 D.
374 3026 406 3074 de
423 3040 478 3089 rep.
498 3027 548 3076 iur.
570 3023 683 3090 (to,1't).
707 3025 739 3073 L.
754 3036 773 3075 2,
794 3025 819 3073 θ.
835 3024 867 3074 de
885 3025 1000 3074 uindicta
1017 3024 1053 3091 (t,
1068 3024 1100 3092 1).
1125 3042 1153 3076 cx

195 3098 269 3148 certis
284 3093 375 3163 causis]
395 3095 430 3158 cf.
447 3095 508 3145 Cato
527 3095 598 3157 apud
616 3094 683 3144 Fest.
698 3109 737 3158 ep.
757 3111 779 3143 o.
802 3095 941 3144 Vindicius
950 3110 979 3159 p.
994 3106 1042 3148 utu.
1058 3124 1091 3133 -
1107 3097 1151 3147 Fr.

201 3167 259 3220 Vat.
274 3178 321 3219 224.
340 3181 422 3229 supra
435 3167 458 3227 ὅ.
474 3176 506 3216 tt.
528 3166 586 3215 Lis.
601 3177 621 3227 2,
635 3176 670 3216 41.
694 3165 788 3215 Donat.
803 3166 839 3214 ad
856 3165 956 3215 Terent.
971 3165 1081 3230 Adelph.
1096 3178 1117 3229 2,
1132 3181 1152 3219 1.

195 3254 219 3288 u.
233 3249 267 3289 42.
321 3232 347 3304 δ.
363 3238 405 3287 83.
426 3235 465 3298 Of.
481 3235 525 3284 I'r.
545 3236 604 3286 Vae.
614 3237 651 3297 ξς.
662 3246 701 3287 218
714 3250 766 3299 sep.
781 3247 828 3286 222.
844 3235 911 3286 Fest.
926 3251 965 3298 ep.
980 3252 1003 3285 u.
1020 3237 1152 3302 Oopuitor.

193 3323 220 3370 p.
234 3318 267 3358 ot.
287 3305 373 3356 Scltol.
390 3306 441 3356 Oic.
457 3306 544 3355 Dicin.
554 3318 575 3357 4.
586 3322 613 3370 p.
623 3318 663 3357 124
677 3304 746 3356 Bait.
756 3305 851 3356 Isidor.
867 3307 955 3369 differ.
971 3317 1018 3357 122.
1037 3306 1152 3372 Interpr.

195 3376 231 3423 ad
243 3376 275 3423 L.
291 3388 311 3428 t.
334 3375 378 3424 tu.
396 3376 421 3425 0.
436 3377 469 3424 de
483 3377 577 3440 coprit.
592 3375 624 3439 (2,
639 3373 684 3440 12).
706 3375 757 3425 Cic.
771 3390 821 3438 pro
838 3375 913 3426 Rosc.
926 3375 1037 3427 Gom.1s.
1058 3377 1152 3428 Horat.

194 3442 250 3492 Sat.
269 3456 294 3503 2,
313 3454 333 3495 1.
353 3460 377 3493 u.
397 3457 430 3496 22.
453 3459 540 3495 sorore
557 3442 637 3512 voco]
659 3445 694 3508 cf.
714 3446 745 3494 L.
765 3458 798 3498 15.
821 3446 855 3496 D.
873 3453 958 3495 ratam
976 3462 1030 3497 rem
1051 3447 1101 3514 (42,
1120 3448 1152 3513 2).

195 3511 320 3561 Zeitsclrr.
332 3514 354 3574 f.
367 3514 455 3578 pescli.
471 3514 543 3564 RW.
562 3514 639 3565 XIII.
653 3522 682 3578 p'.
697 3526 744 3565 222.
