2609 3942
202 178 264 242 194
514 194 573 229 cm
590 193 684 235 nesrac.
702 176 724 234 Ι.
742 181 851 231 81-89.

200 342 233 390 ut
248 328 484 407 qu0(quo)mado¹
499 349 531 388 ex
554 333 648 389 Lntiuc
671 342 697 390 et
713 335 772 390 ciue
792 334 910 390 Romane
925 342 1005 390 uatus
1020 335 1088 392 ciuis
1105 335 1160 394 lic-

200 434 295 474 manus
310 428 444 477 nascetur.
481 414 527 473 81.
549 419 603 474 llis
619 421 817 474 conuenienter
838 421 924 473 etiam
945 417 1012 474 illud
1027 419 1162 476 'senatus-

200 499 326 557 consulto
347 501 430 558 diuus
450 500 602 558 Hadrianus
620 510 715 557 auctor
735 494 935 574 significauit‚²
960 512 992 557 ut
1012 519 1045 558 et
1064 503 1161 560 Letiuo

200 592 226 638 et
242 587 400 658 peregriua,
415 587 480 641 item
496 592 590 641 contra
601 601 633 640 ea
644 587 790 658 peregrine
802 594 830 640 ct
841 584 934 641 Latiae
947 585 1020 658 (qui)
1031 589 1161 658 nascitur,

199 669 291 724 matris
308 669 495 725 condicionem
507 678 648 740 sequatur.
674 664 723 726 82.
734 668 800 724 iilud
816 685 926 741 quoquc
936 669 978 725 his
989 686 1159 742 consequens

199 761 251 823 est,
268 753 340 826 quod
356 768 388 808 et
403 753 498 807 ancilla
513 760 541 807 et
564 752 649 808 libero
665 754 724 807 iure
739 753 860 826 gentium
876 768 974 808 seruus
989 755 1116 823 nascitur,
1131 762 1160 810 et

199 845 294 891 contre
316 853 347 891 ex
369 835 451 890 libere
473 843 498 890 et
522 852 603 891 seruo
625 835 694 891 liber
709 837 838 892 nescitur.
873 833 924 892 83.
939 837 1160 894 Animaduerterc

200 927 287 974 tamen
308 917 451 988 debemus,
472 935 507 974 ne
526 920 593 974 iuris
614 921 735 991 gentium
750 919 873 993 regulam
894 919 996 976 uellet
1011 921 1099 992 alique
1114 921 1160 976 uei

201 1002 273 1074 quod
289 1002 361 1074 legis
376 1002 461 1056 uicem
474 1003 589 1074 optinet,
605 1003 695 1075 alique
707 1018 772 1059 casu
786 1005 1002 1059 commutnucrit.
1028 1001 1078 1060 84.
1092 1003 1159 1061 Eece

199 1087 269 1140 enim
285 1101 318 1139 ex
333 1085 726 1142 senatusconsultoCleudiauc
741 1094 849 1160 poterat
864 1088 932 1142 ciuis
946 1087 1073 1158 Romanu,
1090 1105 1158 1160 quae

199 1168 285 1223 aliena
301 1183 382 1223 seruo
398 1168 507 1224 uolente
523 1169 632 1225 dominc
648 1171 707 1225 eius
722 1172 796 1241 coiit,
816 1172 874 1243 ipsa
889 1187 919 1225 ea
935 1172 1060 1244 pactione
1075 1170 1158 1227 libera
1288 1238 1289 1247 χ

199 1267 371 1324 permanere,
395 1252 442 1307 sed
463 1269 573 1308 seruum
594 1269 754 1326 procreare3
778 1270 838 1309 uem
860 1253 933 1326 quod
952 1255 1025 1310 inter
1046 1270 1104 1310 eam
1130 1264 1158 1311 et
1251 1250 1253 1255 ’
1288 1250 1289 1275 ³

201 1334 337 1390 domiuum
359 1337 437 1391 istius
458 1338 530 1391 serui
551 1341 726 1407 conuenerit,
741 1331 803 1394 ’ec³
818 1337 1054 1393 senatusconsulto
1070 1345 1158 1393 ratum

201 1435 261 1473 esse
279 1418 396 1475 iubetur.
432 1420 479 1475 sed
499 1428 595 1492 pastea
621 1421 700 1476 diuus
722 1420 887 1490 Hadrianus,
907 1422 1048 1493 iniquitate
1071 1423 1159 1478 reici

143 1503 185 1555 23.
201 1502 362 1574 inelegantis
381 1504 446 1557 iuris
467 1511 569 1574 motus,
590 1505 710 1559 restituit
730 1506 796 1560 iuris
816 1496 945 1582 genitium
965 1504 1101 1577 regulam,
1127 1514 1158 1562 ut

197 1600 257 1640 cum
274 1586 331 1657 ipsa
346 1587 443 1641 mulier
457 1585 540 1641 libera
555 1596 727 1659 permaneat,
742 1586 856 1644 liberum
875 1590 968 1660 pariat.
999 1584 1047 1644 85.
1063 1588 1155 1660 ’iIiem
1171 1604 1218 1656 [199

197 1684 213 1724 e
227 1671 289 1742 leae
303 1663 439 1744 lutinai⁴
454 1686 487 1725 ex
501 1671 598 1726 ancilla
614 1679 641 1727 et
655 1671 741 1729 libera
756 1680 883 1746 poteraut
898 1671 977 1728 liberi
990 1673 1077 1739 nesci3
1097 1690 1156 1729 nem

197 1768 227 1807 en
242 1753 303 1825 lege
319 1763 441 1824 cauetur,
457 1762 489 1810 ut
504 1756 527 1809 si
551 1756 610 1828 quis
626 1772 687 1811 cum
702 1756 786 1811 aliene
803 1754 912 1827 ancilla,
933 1772 1012 1828 quam
1032 1756 1157 1814 credebat

271 1900 290 1968 ¹)
306 1920 345 1968 qm
365 1905 389 1953 V
390 1901 410 1936 Β)
423 1907 490 1954 uude
504 1912 574 1954 recte
588 1902 779 1968 qu0(quo)m0do
793 1905 832 1953 ed.
848 1905 938 1955 Palen.
1003 1903 1024 1972 ²)
1039 1907 1094 1955 diuo
1109 1908 1157 1956 ilc-

198 1973 294 2022 drianos
309 1974 366 2040 (sed
379 1991 391 2023 s
405 1973 571 2037 eupunctum)
585 1982 668 2022 auctor
682 1974 825 2034 significauit
838 1971 896 2036 W,
911 1983 1007 2025 senatus
1022 1978 1157 2027 consultum

197 2043 252 2092 diuo
267 2045 388 2093 Hadriano
404 2051 500 2092 auctore
520 2043 664 2102 significauit
677 2044 716 2092 ed.
731 2041 804 2091 Stud.
822 2058 902 2107 aeque
915 2045 984 2096 dene.
1049 2044 1113 2111 ο)91
1129 2048 1155 2098 0.

197 2114 254 2163 edd.
320 2111 341 2176 ⁴)
358 2113 475 2161 Restitui.
500 2111 641 2160 Librarius
655 2112 818 2175 lticspatium
831 2114 942 2164 duarum
956 2118 1101 2167 litterarum
1115 2134 1157 2167 re·

197 2185 284 2246 liquit,
304 2183 373 2245 quod
390 2182 493 2243 eupleui
512 2177 607 2229 ‘Item’.
643 2182 744 2231 Deinde
761 2198 822 2233 uero
844 2181 875 2233 ‘c
896 2188 912 2233 l.
931 2185 1024 2234 lutina'
1045 2190 1105 2237 olim
1125 2189 1157 2238 ob

196 2252 389 2300 similitudinem
404 2266 460 2300 cum
473 2253 589 2314 sequenti
603 2266 630 2300 cx
645 2253 730 2302 ancille
747 2254 829 2315 facilc
845 2257 927 2304 otnitti
939 2259 1033 2319 potuit.
1062 2258 1157 2323 Legem

149 2378 154 2383 N
196 2321 263 2370 enirn
285 2321 353 2369 dunc
373 2320 513 2370 Romanam
531 2338 581 2371 nan
597 2323 694 2385 fuisse,
712 2331 822 2387 apparet
840 2332 890 2374 tarn
909 2341 944 2375 ecc
959 2328 1011 2389 fine
1029 2343 1104 2392 quam
1122 2344 1157 2377 eac

197 2392 271 2440 initio
291 2392 318 2451 §i
331 2402 364 2440 99.
398 2393 491 2440 collato
505 2408 562 2441 cum
575 2390 622 2442 SC.
640 2393 791 2444 Claudiano.
820 2393 907 2459 (Quod
921 2412 971 2445 nan
986 2413 1156 2461 curaneeup-

192 2462 275 2524 pleuit
291 2457 387 2509 ‘Etiam
402 2462 456 2526 leue
470 2460 547 2510 Aeliu
560 2460 662 2511 Sentiu’
677 2462 725 2528 By.
741 2464 780 2512 ed.
795 2462 826 2530 t.)
856 2465 941 2529 Neque
955 2482 1016 2517 uero
1029 2471 1098 2517 alius
1107 2484 1156 2532 pa-

192 2532 252 2593 puli
266 2532 404 2595 peregrini
425 2535 503 2596 leuem
527 2532 703 2596 Vespasianus
718 2534 800 2596 facile
817 2542 946 2595 mutasset,
965 2539 1010 2601 qui
1022 2546 1114 2588 contra
1128 2541 1155 2588 in

197 2603 254 2648 iure
269 2600 423 2650 Latinarum
442 2609 539 2651 tuntum
557 2605 700 2663 innovavit,
720 2611 748 2653 ut
766 2606 883 2667 quiante
901 2621 956 2655 eunt
970 2607 1044 2656 Latii
1057 2610 1099 2657 iue
1112 2608 1155 2657 ab·

196 2671 345 2729 tinuissent,
364 2671 456 2721 Latini
473 2681 570 2723 ueteres
588 2675 739 2724 dicerentur
754 2674 850 2739 (Tacit.
864 2675 896 2729 A.
911 2689 932 2727 4.
947 2687 960 2727 tt
978 2685 1002 2726 et
1016 2679 1088 2740 infru
1102 2686 1154 2728 not.

196 2741 232 2789 ad
245 2753 265 2801 1,
282 2740 325 2806 99).
353 2740 406 2791 Sed
419 2749 444 2792 ct
456 2745 538 2793 simile
553 2745 616 2808 quid
626 2747 652 2793 in
664 2746 761 2808 nuptiis
776 2744 949 2795 Romanorum
962 2748 1084 2797 nobilium
1098 2764 1155 2797 cum

195 2897 250 2931 mus
263 2881 329 2933 soto
343 2899 366 2932 u.
382 2900 406 2933 u.
422 2895 468 2935 999.
497 2884 639 2948 Dionyse,
655 2897 675 2935 1.
699 2885 816 2949 Denique
831 2882 896 2951 ‘leae
906 2885 1015 2936 Latina’
1031 2890 1048 2938 i.
1059 2903 1080 2938 e.
1096 2890 1154 2937 iure

195 2954 292 3003 Latino
306 2955 407 3018 aliquid
419 2954 534 3004 obtinere
550 2954 630 3003 Gaius
639 2956 752 3018 perinde
765 2956 853 3006 dicere
863 2963 980 3019 poterut,
996 2964 1070 3021 atquc
1089 2958 1153 3022 try-

191 3023 322 3085 pltoninue
338 3025 369 3073 L.
381 3036 414 3074 19.
430 3026 453 3086 ξ.
463 3036 483 3075 9.
507 3025 539 3073 Ι).
551 3026 583 3074 dc
597 3027 691 3087 captiv.
707 3025 801 3092 (4915)
814 3027 885 3077 discit
900 3025 971 3092 ‘leye
985 3024 1085 3078 nostra’
1102 3030 1120 3076 i.
1130 3043 1153 3079 e.

194 3094 252 3142 iure
268 3093 389 3145 Romano.
424 3093 482 3145 Vid.
498 3097 609 3157 elianal,
624 3107 670 3147 199.
690 3107 711 3158 9,
725 3108 759 3147 99.

264 3229 290 3300 ᾗ.
304 3236 347 3285 82.
367 3234 407 3298 Of.
427 3235 501 3298 iufra
519 3236 559 3298 ἕξ.
573 3247 607 3287 99.
622 3246 657 3289 te.
687 3237 742 3301 Uip.
757 3249 778 3299 9,
792 3250 813 3289 9.
842 3239 917 3288 Paul.
938 3252 959 3300 9,
973 3250 1006 3290 94.
1026 3240 1152 3301 §§.1-s.

190 3317 234 3363 pr.
249 3302 271 3350 Ι.
286 3305 318 3353 de
333 3307 418 3369 ingen.
433 3305 465 3372 (1,
479 3305 512 3371 4).
572 3303 597 3374 ξ.
613 3309 655 3357 83.
673 3309 711 3371 Of.
726 3309 757 3356 L.
773 3319 807 3359 24.
826 3309 858 3358 D.
870 3310 979 3358 destutu
993 3310 1057 3360 lom.
1072 3307 1104 3374 (1,
1119 3309 1153 3376 5).

194 3367 218 3437 ξ.
232 3372 274 3420 84.
292 3373 329 3435 Of.
342 3375 417 3424 Paul.
429 3389 449 3428 9.
460 3388 494 3428 91.
514 3376 573 3427 Tac.
584 3377 616 3426 A.
626 3391 647 3429 4.
659 3390 691 3429 19.
708 3380 731 3440 §-
742 3390 763 3430 9,
778 3378 863 3443 ibique
873 3386 924 3430 not.
935 3380 967 3429 L.
977 3391 998 3431 9.
1022 3379 1066 3429 19.
1079 3380 1105 3430 0.
1117 3381 1155 3430 ud

193 3439 240 3490 SC.
258 3441 346 3490 Claud.
363 3443 394 3508 (4,
408 3442 440 3508 9).
460 3448 534 3509 infra
548 3448 587 3510 ἕξ.
603 3460 637 3498 91.
651 3460 698 3499 199.
745 3445 769 3515 §
785 3451 827 3499 85.
845 3450 883 3513 6ss
898 3450 930 3498 L.
946 3462 1012 3512 spr.
1027 3451 1059 3499 D.
1075 3466 1106 3499 ne
1120 3453 1153 3500 de

192 3517 262 3559 statu
278 3511 330 3573 def.
346 3509 448 3577 (4919).
468 3516 500 3565 L.
515 3528 536 3567 9.
557 3518 582 3569 0.
597 3521 644 3568 sol.
660 3525 733 3567 matr.
749 3518 841 3585 (5‚18).

1288 2058 1289 2091 t

196 2811 300 2861 Latinis
312 2813 417 2875 feminis
430 2821 455 2862 et
469 2822 573 2873 cantra,
588 2813 652 2865 bello
668 2823 760 2865 contra
773 2830 842 2878 spem
851 2824 952 2878 ercurio,
967 2825 1069 2867 cautum
1083 2819 1155 2867 uide·
