2609 3942
205 201 268 266 388
483 213 542 249 oux
560 213 657 249 meme.
675 195 722 250 IV.
742 201 883 251 iet-126.

207 374 238 412 ex
259 366 397 428 tempore,
419 353 466 410 sed
489 355 569 409 etiam
584 368 616 408 ex
637 368 753 425 persona
773 350 914 407 dilatoriae
929 351 1103 424 exceptiones
1123 353 1166 408 in-

206 440 392 513 telleguntur‚
420 437 513 511 quales
535 445 599 493 suut
620 436 805 509 inpotentiae,
833 435 911 491 uelut
931 434 954 490 ei
976 437 1015 506 is,
1045 436 1092 508 qui
1114 452 1166 509 per

206 523 323 581 edietum
344 522 515 595 cognitorem
536 520 599 577 dare
620 536 676 576 non
697 527 805 592 potest,
827 535 877 592 per
898 520 1069 591 cognitorem
1091 528 1163 592 agat,

206 607 252 663 uel
273 605 324 678 ἰἐ,
345 609 396 679 qui
402 599 412 638 ¹
435 604 516 662 dandi
537 603 643 678 quidem
658 603 810 676 cognitoris
832 604 873 658 ius
895 601 1002 675 lrabeat,
1024 618 1086 658 eum
1108 603 1166 674 det,

207 692 250 748 cui
276 706 332 747 uon
358 690 421 746 lieet
448 689 618 763 cognituram
645 688 797 760 suscipere:
825 702 885 742 uam
913 687 936 741 si
961 686 1094 743 obiciatur
1116 703 1165 742 ex·

207 777 296 849 ceptio
319 773 480 847 cognitone,
503 773 526 827 si
547 774 605 845 ipse
627 770 690 826 talis
712 774 780 842 erit,
802 779 834 826 ut
853 772 946 826 elnon
969 770 1049 827 liceat
1069 772 1166 844 cogni·

207 867 295 914 torem
317 857 391 927 dare,
413 855 471 930 ipse
493 871 575 930 agere
596 863 703 928 potest;
726 855 750 910 si
765 870 832 911 uero
849 854 987 928 cognitori
1008 870 1063 910 nou
1085 854 1167 911 liceat

207 943 378 1016 cognituram
400 941 549 1014 suscipere,
573 954 623 1012 per
643 939 725 994 alium
747 937 916 1012 cognitorem
939 945 986 995 aut
1007 954 1056 1012 per
1077 947 1167 994 semet

206 1027 295 1097 ipsum
321 1023 431 1079 liberam
453 1022 532 1078 habet
554 1022 650 1095 agendi
672 1030 854 1095 potestatem,
881 1030 908 1078 et
934 1030 987 1078 mm
1008 1022 1062 1078 hoc
1084 1038 1165 1095 quam

141 1107 254 1166 emitto
276 1107 357 1163 modo
380 1107 482 1161 euitare
503 1098 662 1182 ¹(potest)²
683 1108 882 1179 exceptionem:
908 1106 1007 1177 quodsi
1030 1100 1165 1180 dissilmu·

206 1190 302 1247 laverit
321 1196 348 1246 et
370 1180 452 1246 eum⁸
477 1205 527 1263 per
548 1190 718 1263 cognitorem
741 1190 845 1262 egerit,
873 1205 930 1245 rem
953 1189 1054 1263 perdit.
1097 1187 1163 1247 teu.

207 1274 264 1331 Sed
282 1274 463 1349 peremptoria
484 1273 591 1347 quidem
605 1274 764 1346 exceptione
786 1273 809 1328 ei
824 1289 886 1329 reus
908 1290 958 1346 per
972 1289 1091 1330 errorem
1107 1290 1163 1328 non

206 1358 292 1414 luerit
317 1374 398 1429 usus,
424 1359 452 1414 ln
479 1359 617 1431 integrum
638 1359 792 1413 restituitur
817 1356 970 1413 adiciendae
995 1358 1161 1430 exceptionis
1175 1371 1236 1424 [ecel

207 1444 306 1516 gratia:
330 1441 453 1498 dilatoria
478 1456 545 1497 uero
571 1442 594 1496 si
619 1456 675 1497 non
701 1441 787 1496 luerit
807 1457 888 1513 usus,
915 1457 949 1496 an
972 1442 1000 1497 iu
1025 1443 1162 1515 integrum

206 1527 388 1596 restituatur,
408 1527 554 1599 quaeritur.

270 1604 335 1669 126.
351 1608 486 1664 interdum
502 1610 602 1679 euenit,
627 1615 658 1664 ut
673 1609 806 1681 exceptio,
827 1623 895 1680 quae
910 1609 996 1682 prima
1011 1608 1077 1664 faeie
1092 1610 1163 1665 iusta

207 1692 346 1765 uideatur,
374 1694 466 1766 inique
487 1700 584 1748 noceat
604 1692 703 1747 actori:
731 1691 804 1764 quod
826 1708 888 1748 cum
910 1692 1022 1765 accidit,
1044 1691 1094 1747 alia
1117 1692 1162 1747 ad·

206 1777 323 1833 lectione
338 1792 407 1850 opus
428 1784 470 1833 est
487 1775 631 1832 adiurandi
654 1776 752 1831 actoris
773 1776 874 1849 gratia:
897 1791 965 1848 quae
987 1776 1102 1832 adiectio
1120 1793 1162 1831 re·

207 1861 317 1935 plicatio
334 1868 462 1934 uocatur,
485 1861 545 1933 quia
560 1876 610 1933 per
625 1875 683 1916 eam
698 1858 843 1932 replicatur
858 1866 939 1932 alque
957 1859 1106 1915 resoluitur
1120 1862 1162 1915 uis

208 1946 390 2019 exceptionis:
415 1945 512 2000 namsi
531 1942 606 1999 uerbi
621 1945 708 2013 gratia
722 1950 817 2016 pactus
832 1946 883 1999 sim
899 1950 1005 2014 tecum,
1026 1959 1061 1999 ne
1080 1960 1162 2017 pecu·

206 2030 294 2102 niam,
317 2045 395 2103 quam
412 2029 477 2084 milri
491 2026 583 2099 debes,
604 2043 619 2082 a
636 2036 662 2082 te
676 2037 812 2100 peterem,
832 2026 928 2083 deinde
944 2035 1042 2101 postea
1056 2028 1084 2084 in
1099 2044 1162 2085 ccn·

206 2114 317 2169 trerium
332 2114 404 2186 pacti
418 2115 513 2183 simus,
527 2112 554 2167 id
570 2118 620 2181 est,
637 2116 669 2165 ut
681 2118 775 2183 petere
789 2111 855 2166 milri
870 2112 963 2183 liceat,
983 2119 1026 2182 et,
1046 2115 1069 2166 si
1084 2128 1161 2185 agam

207 2202 313 2266 tecum,
332 2197 447 2270 excipias
468 2203 509 2265 tu,
531 2202 561 2249 ut
580 2196 617 2248 ita
637 2192 744 2248 demum
765 2194 829 2249 mihi
850 2193 1046 2265 condemneris,
1070 2197 1093 2250 ei
1107 2212 1162 2251 nou

175 2341 178 2345 ἵ
208 2280 382 2348 conuenerit,
405 2294 440 2332 ue
454 2293 512 2333 eam
526 2277 667 2350 pecuniam
687 2285 825 2349 peterem,
848 2287 929 2335 nocet
951 2279 1015 2334 mihi
1038 2281 1161 2352 exceptio

206 2364 275 2435 pacti
290 2362 435 2430 conuenti;
457 2375 572 2433 namque
586 2358 762 2416 nihilominus
779 2362 832 2419 hoc
850 2378 943 2418 uerum
959 2371 1058 2435 manet,
1081 2364 1162 2418 etiam

205 2447 228 2500 si
246 2452 343 2518 postea
361 2445 388 2500 iu
408 2446 572 2500 contrarium
592 2445 663 2517 pacti
682 2462 790 2515 sumus;
812 2445 860 2501 sed
882 2450 945 2519 quia
964 2448 1087 2520 iniquum
1109 2455 1162 2518 est,

206 2545 248 2584 me
275 2528 381 2585 excludi
406 2530 577 2602 exceptione,
603 2529 744 2602 replicatio
767 2530 830 2586 milri
853 2530 933 2588 datur
953 2547 986 2587 ex
1008 2532 1162 2604 posteriore

277 2726 298 2796 1)
312 2731 386 2782 Haec
406 2733 431 2781 0.
452 2739 477 2782 et
494 2733 551 2784 edd.
571 2747 622 2783 non
639 2732 747 2788 tatere·
766 2733 835 2796 quod
851 2748 912 2784 uero
926 2736 1008 2797 paulo
1022 2743 1083 2798 poet
1101 2742 1161 2784 ante

205 2816 259 2851 eum
269 2803 309 2852 det
321 2802 414 2854 hadent
428 2818 484 2851 s=
494 2803 545 2864 sed,
560 2803 662 2852 videtur
676 2804 817 2867 aliquando
826 2818 861 2853 em
874 2796 911 2868 isti
925 2812 1074 2868 corruptum
1083 2806 1161 2868 idque

204 2880 293 2923 nostro
317 2875 373 2924 loco
396 2873 588 2923 restituendum.
654 2869 674 2939 ⁹)
694 2873 728 2921 H.
748 2875 764 2922 l.
784 2875 814 2937 pi
828 2881 889 2938 post
910 2874 1012 2924 euitat-re
1030 2877 1161 2926 excidisse

200 2943 337 3007 probabile
350 2951 403 3000 eet;
421 2950 481 2994 ante
499 2952 546 2993 tam
565 2942 641 2993 tradet
654 2944 693 2992 ed.
708 2943 755 3008 Bp.
830 2940 910 3011 ⁸)Sic
924 2961 993 2997 nune
1002 2961 1054 3009 pro
1068 2961 1122 2995 cum
1137 2953 1162 2995 et

206 3014 231 3063 0.
260 3022 285 3064 et
306 3016 411 3064 reieetie
433 3030 488 3064 nien
510 3015 670 3078 aliorumque
694 3016 736 3077 (gij,
760 3030 829 3064 nure
848 3015 978 3079 facillime
998 3019 1161 3067 correctione

203 3086 315 3148 aeripei;
338 3099 390 3133 eum
410 3086 541 3150 intellepe,
560 3100 632 3148 quern
650 3086 758 3134 diderat
771 3087 863 3148 priore
882 3093 907 3135 et
922 3089 1069 3149 posteriore
1088 3103 1160 3146 casu,

204 3170 267 3218 quoe
285 3156 371 3220 aliquo
390 3156 463 3205 modo
482 3155 578 3205 diserte
595 3156 746 3220 cipnifieare
766 3154 848 3206 Gaius
865 3172 912 3206 suo
930 3172 1000 3208 more
1018 3165 1089 3208 certo
1108 3174 1160 3208 nort

203 3227 356 3289 supersedit.
376 3232 461 3274 utrum
474 3225 575 3275 acridae
589 3226 651 3289 quod
666 3226 687 3274 si
701 3242 736 3275 an
750 3227 836 3290 quodsi
845 3242 941 3291 parunt
955 3228 1044 3291 refert.

274 3396 300 3466 ξ.
322 3401 380 3449 12⁶.
406 3402 444 3465 Of.
460 3403 501 3464 ἐξ.
515 3411 549 3452 tt.
564 3413 597 3453 tt.
613 3412 660 3454 128.
684 3402 716 3453 L.
735 3414 756 3453 2.
781 3403 808 3452 0.
821 3410 886 3452 eent.
902 3418 968 3453 rese.
987 3420 1013 3453 n.
1024 3419 1052 3467 p.
1067 3402 1100 3468 (t,
1113 3404 1159 3468 uo).

204 3467 329 3602 &⁸15²
349 3482 382 3521 xe.
408 3472 433 3520 0.
453 3473 485 3521 de
503 3486 560 3521 ecee.
580 3473 616 3536 (8,
634 3471 680 3537 tto).
751 3469 1159 3541 §.126.=pr.I.dereplic.

204 3555 240 3601 k,
298 3573 303 3586 ι
734 3554 739 3559 .
