2609 3942
436 191 494 227 can
512 192 610 227 msunu.
627 173 677 226 Ill.
698 179 837 227 147-150.
1050 175 1112 239 323

156 332 287 388 debilitati
310 340 390 404 sunt,
419 333 582 405 emptionem
611 339 638 387 et
666 332 848 388 uenditionem
874 347 947 401 esse3
976 332 1057 406 idque
1080 349 1112 388 ex

157 415 338 472 accidentibus
365 408 541 489 'apparerc,¹
573 422 708 488 tamquam
742 413 792 471 sub
823 415 982 472 condicione
1011 411 1014 490 l
1044 417 1113 472 lacta
1123 421 1180 471 167.

157 501 287 572 cuiusque
310 499 468 555 uenditione
490 516 523 555 an
545 499 695 555 locatione:
723 500 774 554 iam
797 500 868 554 enim
889 515 944 555 non
966 498 1112 570 dubitatur,

157 585 221 656 quin
236 583 287 638 sub
302 582 460 639 condicione
475 599 519 638 res
534 584 628 639 uenire
643 589 691 639 aut
708 582 792 638 locari
812 583 929 656 possint.
966 578 1032 639 147.
1047 584 1113 639 ltem

156 669 316 740 quaeritur,
343 667 366 722 si
394 682 456 723 cnm
478 665 586 723 aurifice
611 667 676 723 mihi
698 667 874 735 conuenerit,
896 673 927 722 ut
947 666 971 721 is
993 683 1026 722 en
1048 683 1113 723 auro

155 767 206 805 suo
229 753 296 807 certi
315 749 443 824 ponderis
465 758 608 823 certaeque
629 749 733 806 formae
753 749 849 805 anulos
869 750 933 805 mihi
952 749 1066 820 laceret,
1087 758 1114 805 et

156 835 290 907 acciperet
310 833 386 890 uerbi
405 835 490 908 gratia
510 834 633 890 denarios
655 848 708 905 cc,
730 842 821 890 utrum
836 834 938 907 emptio
953 833 1113 890 etueuditio

155 934 190 972 au
211 918 312 974 locatio
335 926 362 973 et
384 917 529 975 conductio
552 919 743 974 contrahatur:
773 917 880 974 Cassius
907 918 960 989 ait,
987 919 1113 973 materiae

156 1002 263 1075 quidem
291 1003 455 1075 emptionem
485 1001 668 1060 uenditionem
697 1002 834 1074 contrahi,
861 1018 1003 1076 operarum
1024 1009 1113 1057 antem

88 1100 142 1153 {eu}
158 1085 321 1141 locationem
336 1094 364 1142 et
377 1085 600 1162 conductionem3
617 1085 663 1142 sed
676 1085 812 1159 plerisque
823 1085 935 1160 placuit,
951 1088 1113 1160 emptionem

157 1176 186 1224 et
208 1169 389 1226 uenditionem
411 1171 547 1227 contrahi:
576 1171 651 1243 atqui
673 1171 696 1225 si
718 1186 807 1226 meum
836 1186 930 1225 aurum
953 1172 977 1225 ei
1003 1170 1113 1240 dedero,

156 1252 280 1309 mercede
291 1270 341 1326 pro
355 1269 437 1327 opera
449 1256 607 1325 constituta,
623 1256 763 1327 conuenit,
780 1253 942 1309 locationem
957 1252 1114 1309 conductio·

155 1352 217 1392 uem
233 1330 386 1393 contrahi²

219 1415 286 1479 148.
309 1418 470 1476 Societatem
492 1422 565 1477 coire
587 1420 708 1476 solemus
723 1427 771 1475 ant
785 1426 904 1476 totorum
919 1417 1053 1475 bonorum
1068 1425 1116 1475 aut

160 1502 241 1558 unius
264 1501 377 1557 alicuius
399 1503 517 1576 negotii,
547 1503 634 1560 ueluti
657 1504 850 1576 mancipiorum
873 1501 1046 1559 emendorum
1069 1509 1115 1558 aut

157 1585 372 1642 uendendorum.
409 1582 477 1642 149.
493 1586 587 1659 Magna
602 1594 692 1642 autem
708 1588 829 1660 quaestio
845 1586 912 1658 suit,
934 1604 968 1643 an
989 1588 1027 1642 ita
1047 1587 1114 1642 coiri

156 1671 247 1744 possit
262 1669 393 1740 societas,
415 1677 446 1724 ut
468 1671 528 1743 quls
550 1669 679 1725 maiorem
701 1678 804 1743 partem
826 1670 961 1739 lucretur,
985 1671 1115 1726 minorem

157 1753 247 1809 damni
267 1760 401 1827 praestat:
424 1753 497 1827 quod
514 1751 629 1820 Quintus
644 1753 747 1809 diucius
768 1743 895 1830 '(contra
916 1759 1052 1809 naturum
1071 1768 1114 1809 so·

157 1841 269 1895 cietotis
289 1852 351 1895 esse
372 1841 498 1902 censuit;
519 1839 572 1894 scd
590 1836 712 1893 Seruius
726 1835 884 1907 Sulpicius,
906 1827 1002 1914 cuius)
1017 1827 1116 1891 etiam³

157 1922 309 1995 praeualult
320 1922 462 1993 sententia,
477 1920 544 1978 adeo
556 1921 593 1977 ita
605 1922 671 1978 coiri
684 1935 766 1994 posse
778 1920 935 1975 societatem
943 1920 1116 1991 existimauit,

161 2012 191 2061 ut
205 2006 312 2077 dixerit,
327 2005 375 2062 illo
391 2005 597 2080 quoquomodo
613 2006 680 2061 coiri
695 2019 787 2078 posse,
803 2011 833 2059 ut
849 2003 910 2076 quis
925 2003 992 2059 nihil
1007 2003 1115 2059 omnino

159 2089 246 2145 damni
265 2098 400 2163 praestet,
422 2098 466 2147 set
485 2090 554 2146 lucri
569 2096 674 2163 partem
695 2090 791 2162 capiat,
812 2087 932 2144 simodo
954 2103 1037 2162 opera
1059 2087 1117 2142 eius

158 2182 212 2229 tam
227 2176 345 2246 pretiosa
361 2174 500 2245 uideatur,
520 2182 551 2230 ut
566 2190 687 2246 aequum
702 2174 754 2245 sit,
775 2188 835 2229 eum
851 2188 911 2229 cnm
927 2173 978 2228 hac
991 2171 1117 2246 pactione

159 2258 187 2310 in
209 2258 366 2311 societatem
388 2256 507 2313 admitti:
536 2268 646 2314 namet
673 2259 711 2314 ita
738 2272 821 2332 posse
842 2249 939 2313 'coiri4
960 2256 1115 2312 societatem

160 2345 277 2406 constat,
299 2345 330 2392 ut
344 2354 415 2392 unus
437 2340 577 2412 pecuniam
592 2341 726 2412 conferat,
747 2341 816 2397 alter
837 2358 892 2397 uon
915 2340 1049 2409 conferat,
1066 2332 1070 2417 l
1087 2347 1116 2395 et
1131 2332 1186 2387 ¹⁶⁸·

159 2428 249 2477 tamen
264 2421 368 2477 lucrum
384 2422 518 2478 intereos
533 2438 674 2478 commuue
689 2425 740 2494 sit;
763 2440 848 2496 saepe
870 2425 941 2480 enim
964 2441 1046 2497 opera
1069 2423 1115 2479 ali-

161 2506 236 2561 cuius
257 2521 308 2579 pro
331 2505 445 2578 pecunia
467 2505 550 2562 ualet.
598 2501 663 2561 150.
687 2505 720 2560 Et
740 2506 809 2562 illuct
828 2515 931 2563 certum
953 2517 1011 2580 est,
1038 2507 1116 2563 side

159 2588 281 2663 partibus
308 2588 379 2644 lucri
396 2598 424 2646 et
444 2589 533 2645 damni
553 2588 619 2644 nihil
643 2589 715 2644 iuter
740 2604 788 2643 eos
814 2592 987 2661 conuenerit,
1009 2583 1118 2646 tamen⁵

159 2673 253 2747 aequis
276 2688 309 2729 en
330 2673 452 2746 partibus
475 2671 647 2729 commodum
675 2663 735 2727 ἐἰθ
755 2672 952 2728 incommodum
974 2675 1046 2729 inter
1068 2691 1117 2731 eos

161 2773 303 2814 commune
332 2771 405 2831 esse,
434 2757 481 2814 sed
510 2757 533 2811 si
560 2756 588 2811 in
610 2754 696 2813 altero
723 2763 814 2828 partes
836 2770 982 2828 expressae
1007 2756 1117 2827 luerint,

233 2894 253 2965 ¹)
268 2904 368 2962 apparot
387 2897 412 2947 0.
428 2898 485 2947 edd.
511 2896 549 2960 Of.
570 2908 595 2960 s,
610 2908 658 2948 ma.
686 2896 757 2945 Male
776 2896 857 2960 ipitur
873 2894 999 2944 librarius
1012 2897 1120 2958 scripsit

158 2972 236 3020 semel
250 2983 289 3031 re,
304 2969 343 3018 bic
356 2975 390 3017 t·
430 2963 452 3032 ')
466 2966 589 3032 Sequitur
603 2969 674 3018 linea
688 2982 777 3017 uacua.
835 2962 856 3031 ⁸)
869 2964 915 3015 Bac
929 2964 1046 3015 Pdscitm.
1061 2980 1118 3015 acn-

160 3042 240 3090 teutia
254 3041 453 3103 supplementum
466 3053 517 3089 uon
527 3045 588 3101 post
600 3055 625 3088 o.
640 3038 720 3099 etiam,
736 3044 764 3086 ut
777 3038 804 3086 iu
819 3038 913 3101 priore
927 3037 980 3095 ed,
999 3037 1046 3085 sed
1059 3044 1118 3086 ante

155 3112 242 3175 posui.
310 3107 332 3175 ⁴)
347 3110 413 3159 coire
428 3108 454 3158 0.
474 3108 521 3174 Bp.
541 3109 581 3159 cd.
652 3105 673 3173 Β)
689 3102 792 3175 [tamen]
810 3108 849 3157 ed.
868 3107 918 3156 Kr.
932 3118 953 3157 a.
969 3107 1119 3157 Mommseui

57 3197 66 3204 ’
161 3183 239 3230 iussu.
297 3177 358 3246 ⁶)ut
373 3180 399 3229 C.
414 3180 453 3228 ed.
468 3179 516 3244 Bp.

231 3301 256 3371 §-
274 3305 419 3365 latai.
435 3315 456 3353 a.
476 3301 546 3351 Lib.
568 3301 606 3365 Cf.
621 3301 653 3350 L.
669 3312 689 3351 s.
704 3303 727 3363 5.
739 3315 758 3351 1.
777 3301 810 3350 1).
821 3303 869 3364 loe.
880 3300 924 3366 (19,
940 3300 971 3366 a).
1017 3296 1043 3368 §-
1059 3303 1117 3353 148.

161 3397 195 3417 =
205 3389 249 3438 pr.
264 3374 286 3423 I.
301 3375 333 3423 de
346 3375 435 3424 societ.
451 3371 482 3437 (u,
497 3372 540 3437 25).
563 3372 601 3434 Of.
616 3371 687 3435 Epic.
703 3382 724 3434 s,
734 3384 754 3423 e.
773 3373 797 3434 ξ.
808 3383 841 3423 1⁶.
896 3367 1117 3440 §149.Cf.§.s.

160 3444 236 3579 §.gip
249 3443 363 3566 ³liquid.
383 3459 405 3494 c.
427 3443 479 3493 Oia.
499 3457 551 3506 pro
571 3442 647 3493 Buce.
669 3442 735 3492 Com
755 3453 788 3493 ιο.
808 3444 831 3505 ξ.
846 3453 880 3494 m.
952 3439 977 3511 ξ.
999 3444 1056 3494 150.
1079 3443 1117 3504 Cf.

862 3598 919 3650 21*
