<?xml version="1.0" encoding="UTF-8"?>
<!DOCTYPE html PUBLIC "-//W3C//DTD XHTML 1.0 Transitional//EN"
    "http://www.w3.org/TR/xhtml1/DTD/xhtml1-transitional.dtd">
<html xmlns="http://www.w3.org/1999/xhtml" xml:lang="en" lang="en">
 <head>
  <title>
</title>
<meta http-equiv="Content-Type" content="text/html;charset=utf-8" />
  <meta name='ocr-system' content='tesseract 3.04.00' />
  <meta name='ocr-capabilities' content='ocr_page ocr_carea ocr_par ocr_line ocrx_word'/>
</head>
<body>
  <div class='ocr_page' id='page_1' title='image "./gaiiinstitution01kbgoog_0097.png"; bbox 0 0 2609 3942; ppageno 0'>
   <div class='ocr_carea' id='block_1_1' title="bbox 437 189 1123 254">
    <p class='ocr_par' dir='ltr' id='par_1_1' title="bbox 437 189 1123 254">
     <span class='ocr_line' id='line_1_1' title="bbox 437 189 1123 254; baseline 0.016 -11"><span class='ocrx_word' id='word_1_1' title='bbox 437 206 495 243; x_wconf 75' lang='lat' dir='ltr'>aru</span> <span class='ocrx_word' id='word_1_2' title='bbox 512 207 604 243; x_wconf 64' lang='lat' dir='ltr'>msam.</span> <span class='ocrx_word' id='word_1_3' title='bbox 624 189 660 242; x_wconf 89' lang='lat'>11.</span> <span class='ocrx_word' id='word_1_4' title='bbox 680 196 721 245; x_wconf 77' lang='lat' dir='ltr'>aa.</span> <span class='ocrx_word' id='word_1_5' title='bbox 741 196 854 245; x_wconf 74' lang='lat' dir='ltr'>oa-oa.</span> <span class='ocrx_word' id='word_1_6' title='bbox 1059 190 1123 254; x_wconf 78' lang='lat'>237</span> 
     </span>
    </p>
   </div>
   <div class='ocr_carea' id='block_1_2' title="bbox 99 335 1177 3004">
    <p class='ocr_par' dir='ltr' id='par_1_2' title="bbox 99 335 1177 3004">
     <span class='ocr_line' id='line_1_2' title="bbox 171 335 1123 413; baseline 0.004 -22"><span class='ocrx_word' id='word_1_7' title='bbox 171 346 243 391; x_wconf 91' lang='lat' dir='ltr'>tuam</span> <span class='ocrx_word' id='word_1_8' title='bbox 259 352 329 408; x_wconf 84' lang='lat' dir='ltr'>esse,</span> <span class='ocrx_word' id='word_1_9' title='bbox 344 352 395 394; x_wconf 89' lang='lat' dir='ltr'>uec</span> <span class='ocrx_word' id='word_1_10' title='bbox 405 336 497 392; x_wconf 89' lang='lat' dir='ltr'>soloas</span> <span class='ocrx_word' id='word_1_11' title='bbox 508 338 624 410; x_wconf 85' lang='lat' dir='ltr'>pretium</span> <span class='ocrx_word' id='word_1_12' title='bbox 637 335 753 406; x_wconf 80' lang='lat' dir='ltr'>rabulae,</span> <span class='ocrx_word' id='word_1_13' title='bbox 763 339 866 409; x_wconf 89' lang='lat' dir='ltr'>poteris</span> <span class='ocrx_word' id='word_1_14' title='bbox 876 353 928 410; x_wconf 86' lang='lat' dir='ltr'>per</span> <span class='ocrx_word' id='word_1_15' title='bbox 937 340 1123 413; x_wconf 81' lang='lat' dir='ltr'>exceptionem</span> 
     </span>
     <span class='ocr_line' id='line_1_3' title="bbox 172 419 1124 494; baseline 0.005 -20"><span class='ocrx_word' id='word_1_16' title='bbox 172 419 226 474; x_wconf 91' lang='lat' dir='ltr'>doli</span> <span class='ocrx_word' id='word_1_17' title='bbox 246 420 306 475; x_wconf 92' lang='lat' dir='ltr'>mali</span> <span class='ocrx_word' id='word_1_18' title='bbox 322 422 505 488; x_wconf 82' lang='lat' dir='ltr'>summoueri3</span> <span class='ocrx_word' id='word_1_19' title='bbox 526 428 554 475; x_wconf 92' lang='lat' dir='ltr'>at</span> <span class='ocrx_word' id='word_1_20' title='bbox 573 421 596 476; x_wconf 95' lang='lat' dir='ltr'>si</span> <span class='ocrx_word' id='word_1_21' title='bbox 618 428 647 475; x_wconf 89' lang='lat' dir='ltr'>tu</span> <span class='ocrx_word' id='word_1_22' title='bbox 663 420 818 493; x_wconf 78' lang='lat' dir='ltr'><strong>possideas,</strong></span> <span class='ocrx_word' id='word_1_23' title='bbox 833 436 1003 494; x_wconf 89' lang='lat' dir='ltr'>consequens</span> <span class='ocrx_word' id='word_1_24' title='bbox 1019 430 1077 493; x_wconf 88' lang='lat' dir='ltr'>est,</span> <span class='ocrx_word' id='word_1_25' title='bbox 1092 431 1124 479; x_wconf 89' lang='lat' dir='ltr'>ut</span> 
     </span>
     <span class='ocr_line' id='line_1_4' title="bbox 174 502 1123 577; baseline 0.005 -20"><span class='ocrx_word' id='word_1_26' title='bbox 174 502 245 558; x_wconf 91' lang='lat' dir='ltr'>utilis</span> <span class='ocrx_word' id='word_1_27' title='bbox 260 504 325 559; x_wconf 91' lang='lat' dir='ltr'>mihi</span> <span class='ocrx_word' id='word_1_28' title='bbox 337 506 405 564; x_wconf 89' lang='lat' dir='ltr'>actio</span> <span class='ocrx_word' id='word_1_29' title='bbox 417 504 561 559; x_wconf 87' lang='lat' dir='ltr'>aduersum</span> <span class='ocrx_word' id='word_1_30' title='bbox 573 511 600 559; x_wconf 91' lang='lat' dir='ltr'>te</span> <span class='ocrx_word' id='word_1_31' title='bbox 611 503 670 559; x_wconf 89' lang='lat' dir='ltr'>dari</span> <span class='ocrx_word' id='word_1_32' title='bbox 682 503 797 577; x_wconf 85' lang='lat' dir='ltr'>debeat;</span> <span class='ocrx_word' id='word_1_33' title='bbox 815 519 869 577; x_wconf 91' lang='lat' dir='ltr'>quo</span> <span class='ocrx_word' id='word_1_34' title='bbox 881 521 944 561; x_wconf 90' lang='lat' dir='ltr'>casu</span> <span class='ocrx_word' id='word_1_35' title='bbox 957 508 1007 561; x_wconf 91' lang='lat' dir='ltr'>nisi</span> <span class='ocrx_word' id='word_1_36' title='bbox 1018 505 1123 562; x_wconf 91' lang='lat' dir='ltr'>soluam</span> 
     </span>
     <span class='ocr_line' id='line_1_5' title="bbox 99 587 1122 661; baseline 0.004 -19"><span class='ocrx_word' id='word_1_37' title='bbox 99 592 161 642; x_wconf 74' lang='lat'>[1621</span> <span class='ocrx_word' id='word_1_38' title='bbox 172 587 309 658; x_wconf 81' lang='lat' dir='ltr'>inpensam</span> <span class='ocrx_word' id='word_1_39' title='bbox 324 589 460 660; x_wconf 81' lang='lat' dir='ltr'>picturae,</span> <span class='ocrx_word' id='word_1_40' title='bbox 481 588 585 661; x_wconf 91' lang='lat' dir='ltr'>poteris</span> <span class='ocrx_word' id='word_1_41' title='bbox 599 603 642 643; x_wconf 90' lang='lat' dir='ltr'>me</span> <span class='ocrx_word' id='word_1_42' title='bbox 664 603 713 661; x_wconf 88' lang='lat' dir='ltr'>per</span> <span class='ocrx_word' id='word_1_43' title='bbox 728 588 913 660; x_wconf 80' lang='lat' dir='ltr'>exceptionem</span> <span class='ocrx_word' id='word_1_44' title='bbox 934 588 990 644; x_wconf 91' lang='lat' dir='ltr'>doli</span> <span class='ocrx_word' id='word_1_45' title='bbox 1004 588 1066 645; x_wconf 91' lang='lat' dir='ltr'>mali</span> <span class='ocrx_word' id='word_1_46' title='bbox 1080 605 1122 646; x_wconf 87' lang='lat' dir='ltr'>re-</span> 
     </span>
     <span class='ocr_line' id='line_1_6' title="bbox 138 669 1123 745; baseline 0.003 -20"><span class='ocrx_word' id='word_1_47' title='bbox 138 703 140 708; x_wconf 68' lang='lat'>,</span> <span class='ocrx_word' id='word_1_48' title='bbox 171 669 287 743; x_wconf 87' lang='lat' dir='ltr'>pellere,</span> <span class='ocrx_word' id='word_1_49' title='bbox 302 671 397 744; x_wconf 89' lang='lat' dir='ltr'>utique</span> <span class='ocrx_word' id='word_1_50' title='bbox 412 672 435 727; x_wconf 94' lang='lat' dir='ltr'>si</span> <span class='ocrx_word' id='word_1_51' title='bbox 449 670 519 727; x_wconf 90' lang='lat' dir='ltr'>bona</span> <span class='ocrx_word' id='word_1_52' title='bbox 536 669 589 726; x_wconf 85' lang='lat' dir='ltr'>fide</span> <span class='ocrx_word' id='word_1_53' title='bbox 609 687 754 743; x_wconf 82' lang='lat' dir='ltr'>possessor</span> <span class='ocrx_word' id='word_1_54' title='bbox 767 672 862 727; x_wconf 88' lang='lat' dir='ltr'>lucris.</span> <span class='ocrx_word' id='word_1_55' title='bbox 890 670 960 728; x_wconf 86' lang='lat' dir='ltr'>illud</span> <span class='ocrx_word' id='word_1_56' title='bbox 972 672 1057 745; x_wconf 87' lang='lat' dir='ltr'>palam</span> <span class='ocrx_word' id='word_1_57' title='bbox 1071 680 1123 743; x_wconf 87' lang='lat' dir='ltr'>est,</span> 
     </span>
     <span class='ocr_line' id='line_1_7' title="bbox 171 754 1123 829; baseline 0.002 -20"><span class='ocrx_word' id='word_1_58' title='bbox 171 754 245 825; x_wconf 84' lang='lat' dir='ltr'>quod</span> <span class='ocrx_word' id='word_1_59' title='bbox 265 756 323 810; x_wconf 91' lang='lat' dir='ltr'>siue</span> <span class='ocrx_word' id='word_1_60' title='bbox 342 763 375 810; x_wconf 91' lang='lat' dir='ltr'>tu</span> <span class='ocrx_word' id='word_1_61' title='bbox 394 754 577 828; x_wconf 85' lang='lat' dir='ltr'>subripuisses</span> <span class='ocrx_word' id='word_1_62' title='bbox 596 754 713 811; x_wconf 88' lang='lat' dir='ltr'>tabulam</span> <span class='ocrx_word' id='word_1_63' title='bbox 732 756 792 811; x_wconf 87' lang='lat' dir='ltr'>siue</span> <span class='ocrx_word' id='word_1_64' title='bbox 813 754 899 824; x_wconf 84' lang='lat' dir='ltr'>alius,</span> <span class='ocrx_word' id='word_1_65' title='bbox 918 757 1039 829; x_wconf 85' lang='lat' dir='ltr'>conpetit</span> <span class='ocrx_word' id='word_1_66' title='bbox 1060 756 1123 811; x_wconf 89' lang='lat' dir='ltr'>milri</span> 
     </span>
     <span class='ocr_line' id='line_1_8' title="bbox 171 837 1175 898; baseline 0.006 -6"><span class='ocrx_word' id='word_1_67' title='bbox 171 837 236 892; x_wconf 89' lang='lat' dir='ltr'>lurti</span> <span class='ocrx_word' id='word_1_68' title='bbox 251 840 331 894; x_wconf 90' lang='lat' dir='ltr'>actio.</span> <span class='ocrx_word' id='word_1_69' title='bbox 1173 895 1175 898; x_wconf 86' lang='lat'>.</span> 
     </span>
     <span class='ocr_line' id='line_1_9' title="bbox 233 917 1136 997; baseline 0.002 -20"><span class='ocrx_word' id='word_1_70' title='bbox 233 917 281 979; x_wconf 82' lang='grc'>79.</span> <span class='ocrx_word' id='word_1_71' title='bbox 308 923 337 978; x_wconf 93' lang='lat' dir='ltr'>ln</span> <span class='ocrx_word' id='word_1_72' title='bbox 359 921 417 978; x_wconf 87' lang='lat' dir='ltr'>aliis</span> <span class='ocrx_word' id='word_1_73' title='bbox 438 937 547 995; x_wconf 85' lang='lat' dir='ltr'>quoque</span> <span class='ocrx_word' id='word_1_74' title='bbox 566 922 708 996; x_wconf 82' lang='lat' dir='ltr'>speciebus</span> <span class='ocrx_word' id='word_1_75' title='bbox 726 922 854 979; x_wconf 90' lang='lat' dir='ltr'>naturalis</span> <span class='ocrx_word' id='word_1_76' title='bbox 875 925 945 979; x_wconf 89' lang='lat' dir='ltr'>ratio</span> <span class='ocrx_word' id='word_1_77' title='bbox 960 923 1136 997; x_wconf 77' lang='lat' dir='ltr'>requiritur:¹</span> 
     </span>
     <span class='ocr_line' id='line_1_10' title="bbox 171 1000 1124 1083; baseline 0.002 -23"><span class='ocrx_word' id='word_1_78' title='bbox 171 1005 285 1078; x_wconf 86' lang='lat' dir='ltr'>proinde</span> <span class='ocrx_word' id='word_1_79' title='bbox 299 1009 322 1061; x_wconf 91' lang='lat' dir='ltr'>si</span> <span class='ocrx_word' id='word_1_80' title='bbox 334 1021 367 1062; x_wconf 80' lang='lat' dir='ltr'>er</span> <span class='ocrx_word' id='word_1_81' title='bbox 378 1008 440 1063; x_wconf 90' lang='lat' dir='ltr'>nnis</span> <span class='ocrx_word' id='word_1_82' title='bbox 452 1000 518 1082; x_wconf 85' lang='lat' dir='ltr'>(aot</span> <span class='ocrx_word' id='word_1_83' title='bbox 529 1008 612 1063; x_wconf 76' lang='lat' dir='ltr'>olicis</span> <span class='ocrx_word' id='word_1_84' title='bbox 621 1015 672 1064; x_wconf 84' lang='lat' dir='ltr'>out</span> <span class='ocrx_word' id='word_1_85' title='bbox 683 1001 783 1083; x_wconf 80' lang='lat' dir='ltr'>spicis)</span> <span class='ocrx_word' id='word_1_86' title='bbox 794 1008 861 1063; x_wconf 88' lang='lat' dir='ltr'>meis</span> <span class='ocrx_word' id='word_1_87' title='bbox 875 1008 965 1063; x_wconf 89' lang='lat' dir='ltr'>uinum</span> <span class='ocrx_word' id='word_1_88' title='bbox 977 1015 1023 1062; x_wconf 92' lang='lat' dir='ltr'>aut</span> <span class='ocrx_word' id='word_1_89' title='bbox 1035 1007 1124 1062; x_wconf 90' lang='lat' dir='ltr'>oleum</span> 
     </span>
     <span class='ocr_line' id='line_1_11' title="bbox 172 1089 1124 1163; baseline 0.001 -19"><span class='ocrx_word' id='word_1_90' title='bbox 172 1097 219 1144; x_wconf 89' lang='lat' dir='ltr'>aut</span> <span class='ocrx_word' id='word_1_91' title='bbox 240 1089 405 1145; x_wconf 81' lang='lat' dir='ltr'>frumentum</span> <span class='ocrx_word' id='word_1_92' title='bbox 428 1091 535 1161; x_wconf 84' lang='lat' dir='ltr'>leceris,</span> <span class='ocrx_word' id='word_1_93' title='bbox 552 1091 706 1163; x_wconf 84' lang='lat' dir='ltr'>quaeritur,</span> <span class='ocrx_word' id='word_1_94' title='bbox 730 1099 819 1146; x_wconf 89' lang='lat' dir='ltr'>utrum</span> <span class='ocrx_word' id='word_1_95' title='bbox 835 1106 924 1147; x_wconf 89' lang='lat' dir='ltr'>meum</span> <span class='ocrx_word' id='word_1_96' title='bbox 938 1090 975 1147; x_wconf 90' lang='lat' dir='ltr'>sit</span> <span class='ocrx_word' id='word_1_97' title='bbox 989 1091 1016 1147; x_wconf 93' lang='lat' dir='ltr'>id</span> <span class='ocrx_word' id='word_1_98' title='bbox 1031 1092 1124 1146; x_wconf 90' lang='lat' dir='ltr'>uinum</span> 
     </span>
     <span class='ocr_line' id='line_1_12' title="bbox 171 1172 1124 1245; baseline 0.004 -18"><span class='ocrx_word' id='word_1_99' title='bbox 171 1181 217 1228; x_wconf 88' lang='lat' dir='ltr'>aut</span> <span class='ocrx_word' id='word_1_100' title='bbox 240 1172 329 1229; x_wconf 91' lang='lat' dir='ltr'>oleum</span> <span class='ocrx_word' id='word_1_101' title='bbox 348 1182 394 1231; x_wconf 90' lang='lat' dir='ltr'>aut</span> <span class='ocrx_word' id='word_1_102' title='bbox 419 1174 600 1245; x_wconf 79' lang='lat' dir='ltr'>frumentum,</span> <span class='ocrx_word' id='word_1_103' title='bbox 628 1192 661 1231; x_wconf 92' lang='lat' dir='ltr'>an</span> <span class='ocrx_word' id='word_1_104' title='bbox 685 1183 774 1235; x_wconf 84' lang='lat' dir='ltr'>tuum.</span> <span class='ocrx_word' id='word_1_105' title='bbox 810 1177 876 1230; x_wconf 90' lang='lat' dir='ltr'>item</span> <span class='ocrx_word' id='word_1_106' title='bbox 896 1178 920 1230; x_wconf 90' lang='lat' dir='ltr'>si</span> <span class='ocrx_word' id='word_1_107' title='bbox 939 1191 972 1231; x_wconf 80' lang='lat' dir='ltr'>ex</span> <span class='ocrx_word' id='word_1_108' title='bbox 991 1190 1057 1230; x_wconf 82' lang='lat' dir='ltr'>anco</span> <span class='ocrx_word' id='word_1_109' title='bbox 1077 1182 1124 1231; x_wconf 91' lang='lat' dir='ltr'>aut</span> 
     </span>
     <span class='ocr_line' id='line_1_13' title="bbox 172 1256 1125 1331; baseline 0.001 -20"><span class='ocrx_word' id='word_1_110' title='bbox 172 1266 284 1329; x_wconf 81' lang='lat' dir='ltr'>argento</span> <span class='ocrx_word' id='word_1_111' title='bbox 300 1274 360 1314; x_wconf 91' lang='lat' dir='ltr'>meo</span> <span class='ocrx_word' id='word_1_112' title='bbox 378 1275 423 1315; x_wconf 88' lang='lat' dir='ltr'>uas</span> <span class='ocrx_word' id='word_1_113' title='bbox 439 1258 547 1331; x_wconf 82' lang='lat' dir='ltr'>aliquod</span> <span class='ocrx_word' id='word_1_114' title='bbox 559 1258 666 1329; x_wconf 87' lang='lat' dir='ltr'>leceris,</span> <span class='ocrx_word' id='word_1_115' title='bbox 681 1258 727 1315; x_wconf 91' lang='lat' dir='ltr'>uel</span> <span class='ocrx_word' id='word_1_116' title='bbox 739 1274 772 1313; x_wconf 80' lang='lat' dir='ltr'>ex</span> <span class='ocrx_word' id='word_1_117' title='bbox 782 1256 880 1314; x_wconf 92' lang='lat' dir='ltr'>tabulis</span> <span class='ocrx_word' id='word_1_118' title='bbox 893 1260 959 1314; x_wconf 89' lang='lat' dir='ltr'>meis</span> <span class='ocrx_word' id='word_1_119' title='bbox 971 1273 1066 1314; x_wconf 91' lang='lat' dir='ltr'>nauem</span> <span class='ocrx_word' id='word_1_120' title='bbox 1078 1265 1125 1314; x_wconf 88' lang='lat' dir='ltr'>aut</span> 
     </span>
     <span class='ocr_line' id='line_1_14' title="bbox 172 1339 1125 1414; baseline 0.001 -18"><span class='ocrx_word' id='word_1_121' title='bbox 172 1342 311 1397; x_wconf 79' lang='lat' dir='ltr'>armarium</span> <span class='ocrx_word' id='word_1_122' title='bbox 334 1352 381 1399; x_wconf 87' lang='lat' dir='ltr'>aut</span> <span class='ocrx_word' id='word_1_123' title='bbox 401 1341 560 1398; x_wconf 82' lang='lat' dir='ltr'>subsellium</span> <span class='ocrx_word' id='word_1_124' title='bbox 583 1341 774 1414; x_wconf 83' lang='lat' dir='ltr'>fabricaueris,</span> <span class='ocrx_word' id='word_1_125' title='bbox 802 1342 866 1397; x_wconf 89' lang='lat' dir='ltr'>item</span> <span class='ocrx_word' id='word_1_126' title='bbox 888 1343 913 1397; x_wconf 92' lang='lat' dir='ltr'>si</span> <span class='ocrx_word' id='word_1_127' title='bbox 934 1357 967 1398; x_wconf 83' lang='lat' dir='ltr'>ex</span> <span class='ocrx_word' id='word_1_128' title='bbox 987 1339 1047 1397; x_wconf 91' lang='lat' dir='ltr'>lana</span> <span class='ocrx_word' id='word_1_129' title='bbox 1068 1357 1125 1398; x_wconf 90' lang='lat' dir='ltr'>mea</span> 
     </span>
     <span class='ocr_line' id='line_1_15' title="bbox 172 1424 1125 1496; baseline 0.002 -17"><span class='ocrx_word' id='word_1_130' title='bbox 172 1427 364 1481; x_wconf 84' lang='lat' dir='ltr'>uestimentum</span> <span class='ocrx_word' id='word_1_131' title='bbox 385 1425 497 1496; x_wconf 84' lang='lat' dir='ltr'>leceris,</span> <span class='ocrx_word' id='word_1_132' title='bbox 518 1424 564 1481; x_wconf 93' lang='lat' dir='ltr'>uel</span> <span class='ocrx_word' id='word_1_133' title='bbox 585 1427 607 1481; x_wconf 94' lang='lat' dir='ltr'>si</span> <span class='ocrx_word' id='word_1_134' title='bbox 630 1442 663 1481; x_wconf 84' lang='lat' dir='ltr'>ex</span> <span class='ocrx_word' id='word_1_135' title='bbox 686 1426 751 1482; x_wconf 90' lang='lat' dir='ltr'>uino</span> <span class='ocrx_word' id='word_1_136' title='bbox 774 1435 802 1481; x_wconf 90' lang='lat' dir='ltr'>et</span> <span class='ocrx_word' id='word_1_137' title='bbox 823 1424 904 1481; x_wconf 90' lang='lat' dir='ltr'>melle</span> <span class='ocrx_word' id='word_1_138' title='bbox 925 1439 986 1481; x_wconf 88' lang='lat' dir='ltr'>meo</span> <span class='ocrx_word' id='word_1_139' title='bbox 1008 1424 1125 1481; x_wconf 90' lang='lat' dir='ltr'>mulsum</span> 
     </span>
     <span class='ocr_line' id='line_1_16' title="bbox 172 1507 1125 1582; baseline 0.001 -19"><span class='ocrx_word' id='word_1_140' title='bbox 172 1507 278 1573; x_wconf 89' lang='lat' dir='ltr'>leceris,</span> <span class='ocrx_word' id='word_1_141' title='bbox 301 1511 359 1563; x_wconf 87' lang='lat' dir='ltr'>sine</span> <span class='ocrx_word' id='word_1_142' title='bbox 374 1525 406 1565; x_wconf 82' lang='lat' dir='ltr'>er</span> <span class='ocrx_word' id='word_1_143' title='bbox 427 1509 627 1569; x_wconf 81' lang='lat' dir='ltr'>medicamentis</span> <span class='ocrx_word' id='word_1_144' title='bbox 642 1511 709 1566; x_wconf 88' lang='lat' dir='ltr'>meis</span> <span class='ocrx_word' id='word_1_145' title='bbox 725 1509 899 1582; x_wconf 78' lang='lat' dir='ltr'>emplastrum</span> <span class='ocrx_word' id='word_1_146' title='bbox 921 1517 967 1566; x_wconf 91' lang='lat' dir='ltr'>aut</span> <span class='ocrx_word' id='word_1_147' title='bbox 981 1509 1125 1582; x_wconf 73' lang='lat' dir='ltr'>collyrium</span> 
     </span>
     <span class='ocr_line' id='line_1_17' title="bbox 172 1586 1123 1666; baseline 0.006 -22"><span class='ocrx_word' id='word_1_148' title='bbox 172 1589 279 1661; x_wconf 83' lang='lat' dir='ltr'>leceris,</span> <span class='ocrx_word' id='word_1_149' title='bbox 287 1586 458 1664; x_wconf 79' lang='lat' dir='ltr'>(quaeritur,</span> <span class='ocrx_word' id='word_1_150' title='bbox 470 1598 565 1648; x_wconf 83' lang='lat' dir='ltr'>ulrum</span> <span class='ocrx_word' id='word_1_151' title='bbox 577 1599 655 1648; x_wconf 85' lang='lat' dir='ltr'>tuum</span> <span class='ocrx_word' id='word_1_152' title='bbox 664 1596 700 1648; x_wconf 81' lang='lat' dir='ltr'>sit</span> <span class='ocrx_word' id='word_1_153' title='bbox 708 1595 747 1664; x_wconf 74' lang='lat' dir='ltr'>td,</span> <span class='ocrx_word' id='word_1_154' title='bbox 760 1595 837 1664; x_wconf 77' lang='lat' dir='ltr'>quod</span> <span class='ocrx_word' id='word_1_155' title='bbox 845 1608 885 1651; x_wconf 78' lang='lat' dir='ltr'>ex</span> <span class='ocrx_word' id='word_1_156' title='bbox 894 1608 955 1651; x_wconf 84' lang='lat' dir='ltr'>meo</span> <span class='ocrx_word' id='word_1_157' title='bbox 966 1591 1123 1666; x_wconf 62' lang='lat' dir='ltr'>effecerim)</span> 
     </span>
     <span class='ocr_line' id='line_1_18' title="bbox 173 1672 1124 1749; baseline 0.004 -21"><span class='ocrx_word' id='word_1_158' title='bbox 173 1689 206 1728; x_wconf 94' lang='lat' dir='ltr'>an</span> <span class='ocrx_word' id='word_1_159' title='bbox 221 1689 321 1731; x_wconf 87' lang='lat' dir='ltr'>meum.</span> <span class='ocrx_word' id='word_1_160' title='bbox 351 1672 462 1741; x_wconf 81' lang='lat' dir='ltr'>Quidam</span> <span class='ocrx_word' id='word_1_161' title='bbox 484 1676 621 1730; x_wconf 77' lang='lat' dir='ltr'>materiam</span> <span class='ocrx_word' id='word_1_162' title='bbox 643 1682 671 1731; x_wconf 91' lang='lat' dir='ltr'>et</span> <span class='ocrx_word' id='word_1_163' title='bbox 686 1676 862 1732; x_wconf 80' lang='lat' dir='ltr'>substantiam</span> <span class='ocrx_word' id='word_1_164' title='bbox 877 1677 1049 1749; x_wconf 87' lang='lat' dir='ltr'>spectandam</span> <span class='ocrx_word' id='word_1_165' title='bbox 1064 1693 1124 1733; x_wconf 89' lang='lat' dir='ltr'>csse</span> 
     </span>
     <span class='ocr_line' id='line_1_19' title="bbox 172 1758 1125 1831; baseline 0.002 -19"><span class='ocrx_word' id='word_1_166' title='bbox 172 1766 286 1831; x_wconf 85' lang='lat' dir='ltr'>putant,</span> <span class='ocrx_word' id='word_1_167' title='bbox 305 1758 405 1828; x_wconf 86' lang='lat' dir='ltr'>idest,</span> <span class='ocrx_word' id='word_1_168' title='bbox 427 1765 457 1813; x_wconf 89' lang='lat' dir='ltr'>ut</span> <span class='ocrx_word' id='word_1_169' title='bbox 476 1758 552 1813; x_wconf 90' lang='lat' dir='ltr'>ouius</span> <span class='ocrx_word' id='word_1_170' title='bbox 567 1760 678 1813; x_wconf 88' lang='lat' dir='ltr'>materia</span> <span class='ocrx_word' id='word_1_171' title='bbox 696 1760 741 1827; x_wconf 87' lang='lat' dir='ltr'>sit,</span> <span class='ocrx_word' id='word_1_172' title='bbox 756 1758 828 1814; x_wconf 90' lang='lat' dir='ltr'>illius</span> <span class='ocrx_word' id='word_1_173' title='bbox 844 1765 871 1814; x_wconf 92' lang='lat' dir='ltr'>et</span> <span class='ocrx_word' id='word_1_174' title='bbox 885 1774 946 1829; x_wconf 84' lang='lat' dir='ltr'>res,</span> <span class='ocrx_word' id='word_1_175' title='bbox 968 1775 1035 1831; x_wconf 89' lang='lat' dir='ltr'>quae</span> <span class='ocrx_word' id='word_1_176' title='bbox 1056 1758 1125 1815; x_wconf 88' lang='lat' dir='ltr'>lacta</span> 
     </span>
     <span class='ocr_line' id='line_1_20' title="bbox 171 1840 1126 1916; baseline 0.002 -20"><span class='ocrx_word' id='word_1_177' title='bbox 171 1842 219 1914; x_wconf 85' lang='lat' dir='ltr'>sit,</span> <span class='ocrx_word' id='word_1_178' title='bbox 233 1842 359 1898; x_wconf 90' lang='lat' dir='ltr'>uideatur</span> <span class='ocrx_word' id='word_1_179' title='bbox 374 1857 443 1913; x_wconf 83' lang='lat' dir='ltr'>esse,</span> <span class='ocrx_word' id='word_1_180' title='bbox 458 1841 541 1913; x_wconf 90' lang='lat' dir='ltr'>idque</span> <span class='ocrx_word' id='word_1_181' title='bbox 555 1842 667 1897; x_wconf 76' lang='lat' dir='ltr'>manime</span> <span class='ocrx_word' id='word_1_182' title='bbox 681 1841 783 1915; x_wconf 85' lang='lat' dir='ltr'>placuit</span> <span class='ocrx_word' id='word_1_183' title='bbox 797 1840 896 1897; x_wconf 86' lang='lat' dir='ltr'>Sabino</span> <span class='ocrx_word' id='word_1_184' title='bbox 912 1849 940 1896; x_wconf 91' lang='lat' dir='ltr'>et</span> <span class='ocrx_word' id='word_1_185' title='bbox 954 1843 1059 1916; x_wconf 87' lang='lat' dir='ltr'>Cassio;</span> <span class='ocrx_word' id='word_1_186' title='bbox 1082 1843 1126 1898; x_wconf 94' lang='lat' dir='ltr'>alii</span> 
     </span>
     <span class='ocr_line' id='line_1_21' title="bbox 172 1924 1125 2004; baseline 0 -22"><span class='ocrx_word' id='word_1_187' title='bbox 172 1942 238 1982; x_wconf 85' lang='lat' dir='ltr'>nero</span> <span class='ocrx_word' id='word_1_188' title='bbox 254 1930 316 1983; x_wconf 82' lang='lat' dir='ltr'>eius</span> <span class='ocrx_word' id='word_1_189' title='bbox 330 1941 390 1983; x_wconf 82' lang='lat' dir='ltr'>rem</span> <span class='ocrx_word' id='word_1_190' title='bbox 404 1941 463 1981; x_wconf 90' lang='lat' dir='ltr'>esse</span> <span class='ocrx_word' id='word_1_191' title='bbox 478 1931 585 1998; x_wconf 85' lang='lat' dir='ltr'>putant,</span> <span class='ocrx_word' id='word_1_192' title='bbox 601 1926 647 1997; x_wconf 85' lang='lat' dir='ltr'>qui</span> <span class='ocrx_word' id='word_1_193' title='bbox 659 1925 763 1995; x_wconf 88' lang='lat' dir='ltr'>lecerit,</span> <span class='ocrx_word' id='word_1_194' title='bbox 780 1925 861 2004; x_wconf 87' lang='lat' dir='ltr'>idque</span> <span class='ocrx_word' id='word_1_195' title='bbox 876 1925 988 1980; x_wconf 77' lang='lat' dir='ltr'>maxime</span> <span class='ocrx_word' id='word_1_196' title='bbox 1003 1924 1125 1982; x_wconf 86' lang='lat' dir='ltr'>diuersae</span> 
     </span>
     <span class='ocr_line' id='line_1_22' title="bbox 172 2001 1175 2087; baseline 0.001 -21"><span class='ocrx_word' id='word_1_197' title='bbox 172 2010 281 2066; x_wconf 84' lang='lat' dir='ltr'>scholae</span> <span class='ocrx_word' id='word_1_198' title='bbox 295 2009 450 2066; x_wconf 90' lang='lat' dir='ltr'>auctoribus</span> <span class='ocrx_word' id='word_1_199' title='bbox 466 2011 555 2064; x_wconf 90' lang='lat' dir='ltr'>uisum</span> <span class='ocrx_word' id='word_1_200' title='bbox 570 2017 626 2065; x_wconf 90' lang='lat' dir='ltr'>est:</span> <span class='ocrx_word' id='word_1_201' title='bbox 639 2001 644 2087; x_wconf 81' lang='grc' dir='ltr'>Ι</span> <span class='ocrx_word' id='word_1_202' title='bbox 657 2008 706 2065; x_wconf 92' lang='lat' dir='ltr'>sed</span> <span class='ocrx_word' id='word_1_203' title='bbox 721 2024 782 2064; x_wconf 91' lang='lat' dir='ltr'>eum</span> <span class='ocrx_word' id='word_1_204' title='bbox 795 2024 913 2082; x_wconf 86' lang='lat' dir='ltr'>quoque,</span> <span class='ocrx_word' id='word_1_205' title='bbox 927 2010 1003 2066; x_wconf 90' lang='lat' dir='ltr'>cuius</span> <span class='ocrx_word' id='word_1_206' title='bbox 1014 2010 1125 2065; x_wconf 85' lang='lat' dir='ltr'>materia</span> <span class='ocrx_word' id='word_1_207' title='bbox 1134 2021 1175 2069; x_wconf 79' lang='lat'>73.</span> 
     </span>
     <span class='ocr_line' id='line_1_23' title="bbox 173 2091 1125 2167; baseline -0.002 -17"><span class='ocrx_word' id='word_1_208' title='bbox 173 2102 201 2151; x_wconf 88' lang='lat' dir='ltr'>et</span> <span class='ocrx_word' id='word_1_209' title='bbox 225 2093 373 2150; x_wconf 89' lang='lat' dir='ltr'>substantia</span> <span class='ocrx_word' id='word_1_210' title='bbox 399 2092 499 2164; x_wconf 85' lang='lat' dir='ltr'>luerit,</span> <span class='ocrx_word' id='word_1_211' title='bbox 526 2091 592 2148; x_wconf 89' lang='lat' dir='ltr'>lurti</span> <span class='ocrx_word' id='word_1_212' title='bbox 617 2091 747 2149; x_wconf 87' lang='lat' dir='ltr'>aduersus</span> <span class='ocrx_word' id='word_1_213' title='bbox 773 2109 851 2162; x_wconf 80' lang='lat' dir='ltr'>eum,</span> <span class='ocrx_word' id='word_1_214' title='bbox 881 2094 926 2167; x_wconf 89' lang='lat' dir='ltr'>qui</span> <span class='ocrx_word' id='word_1_215' title='bbox 949 2092 1125 2166; x_wconf 89' lang='lat' dir='ltr'>subripuerit,</span> 
     </span>
     <span class='ocr_line' id='line_1_24' title="bbox 173 2175 1126 2246; baseline 0.001 -14"><span class='ocrx_word' id='word_1_216' title='bbox 173 2176 271 2234; x_wconf 89' lang='lat' dir='ltr'>habere</span> <span class='ocrx_word' id='word_1_217' title='bbox 287 2180 435 2246; x_wconf 89' lang='lat' dir='ltr'>actionem;</span> <span class='ocrx_word' id='word_1_218' title='bbox 450 2193 501 2234; x_wconf 91' lang='lat' dir='ltr'>uec</span> <span class='ocrx_word' id='word_1_219' title='bbox 515 2176 604 2232; x_wconf 90' lang='lat' dir='ltr'>minus</span> <span class='ocrx_word' id='word_1_220' title='bbox 620 2177 752 2234; x_wconf 86' lang='lat' dir='ltr'>aduersus</span> <span class='ocrx_word' id='word_1_221' title='bbox 765 2175 879 2234; x_wconf 89' lang='lat' dir='ltr'>eundem</span> <span class='ocrx_word' id='word_1_222' title='bbox 892 2176 1091 2234; x_wconf 87' lang='lat' dir='ltr'>condictionem</span> <span class='ocrx_word' id='word_1_223' title='bbox 1101 2180 1126 2234; x_wconf 90' lang='lat' dir='ltr'>ei</span> 
     </span>
     <span class='ocr_line' id='line_1_25' title="bbox 172 2260 1125 2335; baseline 0.002 -19"><span class='ocrx_word' id='word_1_224' title='bbox 172 2270 338 2334; x_wconf 86' lang='lat' dir='ltr'>competere,</span> <span class='ocrx_word' id='word_1_225' title='bbox 354 2263 420 2334; x_wconf 86' lang='lat' dir='ltr'>quio</span> <span class='ocrx_word' id='word_1_226' title='bbox 431 2262 564 2317; x_wconf 78' lang='lat' dir='ltr'>extinctae</span> <span class='ocrx_word' id='word_1_227' title='bbox 575 2277 629 2333; x_wconf 82' lang='lat' dir='ltr'>res,</span> <span class='ocrx_word' id='word_1_228' title='bbox 645 2260 709 2318; x_wconf 90' lang='lat' dir='ltr'>licet</span> <span class='ocrx_word' id='word_1_229' title='bbox 721 2261 848 2318; x_wconf 89' lang='lat' dir='ltr'>uindicari</span> <span class='ocrx_word' id='word_1_230' title='bbox 862 2262 1045 2335; x_wconf 84' lang='lat' dir='ltr'>nonpossint,</span> <span class='ocrx_word' id='word_1_231' title='bbox 1061 2278 1125 2318; x_wconf 91' lang='lat' dir='ltr'>con·</span> 
     </span>
     <span class='ocr_line' id='line_1_26' title="bbox 174 2343 1097 2419; baseline 0.005 -21"><span class='ocrx_word' id='word_1_232' title='bbox 174 2344 226 2400; x_wconf 89' lang='lat' dir='ltr'>dici</span> <span class='ocrx_word' id='word_1_233' title='bbox 240 2352 329 2400; x_wconf 91' lang='lat' dir='ltr'>tamen</span> <span class='ocrx_word' id='word_1_234' title='bbox 343 2343 448 2401; x_wconf 88' lang='lat' dir='ltr'>iuribus</span> <span class='ocrx_word' id='word_1_235' title='bbox 463 2352 491 2400; x_wconf 91' lang='lat' dir='ltr'>et</span> <span class='ocrx_word' id='word_1_236' title='bbox 506 2343 664 2417; x_wconf 90' lang='lat' dir='ltr'>quibusdam</span> <span class='ocrx_word' id='word_1_237' title='bbox 679 2345 738 2402; x_wconf 91' lang='lat' dir='ltr'>aliis</span> <span class='ocrx_word' id='word_1_238' title='bbox 753 2346 956 2419; x_wconf 89' lang='lat' dir='ltr'>possessoribus</span> <span class='ocrx_word' id='word_1_239' title='bbox 972 2355 1097 2419; x_wconf 89' lang='lat' dir='ltr'>possunt.</span> 
     </span>
     <span class='ocr_line' id='line_1_27' title="bbox 236 2421 1125 2501; baseline 0.002 -18"><span class='ocrx_word' id='word_1_240' title='bbox 236 2422 285 2485; x_wconf 76' lang='lat'>62.</span> <span class='ocrx_word' id='word_1_241' title='bbox 307 2421 424 2484; x_wconf 81' lang='lat' dir='ltr'>¹uecidit</span> <span class='ocrx_word' id='word_1_242' title='bbox 439 2428 591 2501; x_wconf 85' lang='lat' dir='ltr'>aliquando,</span> <span class='ocrx_word' id='word_1_243' title='bbox 607 2436 638 2485; x_wconf 91' lang='lat' dir='ltr'>ut</span> <span class='ocrx_word' id='word_1_244' title='bbox 653 2431 698 2501; x_wconf 90' lang='lat' dir='ltr'>qui</span> <span class='ocrx_word' id='word_1_245' title='bbox 711 2429 836 2485; x_wconf 91' lang='lat' dir='ltr'>dominus</span> <span class='ocrx_word' id='word_1_246' title='bbox 851 2431 897 2501; x_wconf 89' lang='lat' dir='ltr'>sit,</span> <span class='ocrx_word' id='word_1_247' title='bbox 913 2429 1070 2486; x_wconf 85' lang='lat' dir='ltr'>alienandae</span> <span class='ocrx_word' id='word_1_248' title='bbox 1085 2433 1125 2487; x_wconf 89' lang='lat' dir='ltr'>rei</span> 
     </span>
     <span class='ocr_line' id='line_1_28' title="bbox 172 2510 1177 2586; baseline 0.005 -19"><span class='ocrx_word' id='word_1_249' title='bbox 172 2519 334 2586; x_wconf 85' lang='lat' dir='ltr'>potestatem</span> <span class='ocrx_word' id='word_1_250' title='bbox 360 2528 415 2568; x_wconf 88' lang='lat' dir='ltr'>nou</span> <span class='ocrx_word' id='word_1_251' title='bbox 436 2513 548 2582; x_wconf 87' lang='lat' dir='ltr'>habeat,</span> <span class='ocrx_word' id='word_1_252' title='bbox 570 2520 599 2569; x_wconf 90' lang='lat' dir='ltr'>et</span> <span class='ocrx_word' id='word_1_253' title='bbox 620 2515 667 2586; x_wconf 92' lang='lat' dir='ltr'>qui</span> <span class='ocrx_word' id='word_1_254' title='bbox 692 2513 815 2568; x_wconf 93' lang='lat' dir='ltr'>dominus</span> <span class='ocrx_word' id='word_1_255' title='bbox 835 2529 890 2569; x_wconf 90' lang='lat' dir='ltr'>nou</span> <span class='ocrx_word' id='word_1_256' title='bbox 910 2516 961 2581; x_wconf 85' lang='lat' dir='ltr'>sit,</span> <span class='ocrx_word' id='word_1_257' title='bbox 981 2510 987 2584; x_wconf 93' lang='grc' dir='ltr'>Ι</span> <span class='ocrx_word' id='word_1_258' title='bbox 1006 2517 1177 2572; x_wconf 62' lang='lat' dir='ltr'>alienaretis.</span> 
     </span>
     <span class='ocr_line' id='line_1_29' title="bbox 173 2591 1126 2671; baseline 0.003 -20"><span class='ocrx_word' id='word_1_259' title='bbox 173 2596 268 2669; x_wconf 88' lang='lat' dir='ltr'>possit.</span> <span class='ocrx_word' id='word_1_260' title='bbox 300 2591 347 2655; x_wconf 79' lang='grc'>63.</span> <span class='ocrx_word' id='word_1_261' title='bbox 368 2595 431 2652; x_wconf 89' lang='lat' dir='ltr'>Nam</span> <span class='ocrx_word' id='word_1_262' title='bbox 446 2596 537 2652; x_wconf 92' lang='lat' dir='ltr'>dotale</span> <span class='ocrx_word' id='word_1_263' title='bbox 551 2596 692 2668; x_wconf 89' lang='lat' dir='ltr'>praedium</span> <span class='ocrx_word' id='word_1_264' title='bbox 713 2598 825 2651; x_wconf 88' lang='lat' dir='ltr'>maritus</span> <span class='ocrx_word' id='word_1_265' title='bbox 846 2598 931 2651; x_wconf 90' lang='lat' dir='ltr'>inuita</span> <span class='ocrx_word' id='word_1_266' title='bbox 945 2597 1061 2654; x_wconf 85' lang='lat' dir='ltr'>muliere</span> <span class='ocrx_word' id='word_1_267' title='bbox 1076 2615 1126 2671; x_wconf 87' lang='lat' dir='ltr'>per</span> 
     </span>
     <span class='ocr_line' id='line_1_30' title="bbox 173 2678 1123 2754; baseline 0.004 -21"><span class='ocrx_word' id='word_1_268' title='bbox 173 2679 261 2753; x_wconf 77' lang='lat' dir='ltr'>legem</span> <span class='ocrx_word' id='word_1_269' title='bbox 277 2679 369 2736; x_wconf 90' lang='lat' dir='ltr'>luliam</span> <span class='ocrx_word' id='word_1_270' title='bbox 386 2679 545 2754; x_wconf 87' lang='lat' dir='ltr'>prohibetur</span> <span class='ocrx_word' id='word_1_271' title='bbox 560 2678 686 2749; x_wconf 84' lang='lat' dir='ltr'>alienare,</span> <span class='ocrx_word' id='word_1_272' title='bbox 699 2680 821 2751; x_wconf 85' lang='lat' dir='ltr'>quamuis</span> <span class='ocrx_word' id='word_1_273' title='bbox 837 2680 921 2752; x_wconf 89' lang='lat' dir='ltr'>ipsius</span> <span class='ocrx_word' id='word_1_274' title='bbox 937 2684 973 2736; x_wconf 83' lang='lat' dir='ltr'>sit</span> <span class='ocrx_word' id='word_1_275' title='bbox 991 2682 1034 2737; x_wconf 93' lang='lat' dir='ltr'>nel</span> <span class='ocrx_word' id='word_1_276' title='bbox 1049 2697 1123 2737; x_wconf 90' lang='lat' dir='ltr'>man-</span> 
     </span>
     <span class='ocr_line' id='line_1_31' title="bbox 173 2762 1123 2838; baseline 0.002 -19"><span class='ocrx_word' id='word_1_277' title='bbox 173 2764 290 2837; x_wconf 90' lang='lat' dir='ltr'>cipatum</span> <span class='ocrx_word' id='word_1_278' title='bbox 311 2766 335 2820; x_wconf 86' lang='lat' dir='ltr'>ei</span> <span class='ocrx_word' id='word_1_279' title='bbox 354 2763 426 2820; x_wconf 84' lang='lat' dir='ltr'>dotis</span> <span class='ocrx_word' id='word_1_280' title='bbox 449 2778 528 2820; x_wconf 90' lang='lat' dir='ltr'>causa</span> <span class='ocrx_word' id='word_1_281' title='bbox 550 2763 595 2818; x_wconf 93' lang='lat' dir='ltr'>uel</span> <span class='ocrx_word' id='word_1_282' title='bbox 617 2765 644 2818; x_wconf 94' lang='lat' dir='ltr'>in</span> <span class='ocrx_word' id='word_1_283' title='bbox 666 2764 725 2818; x_wconf 88' lang='lat' dir='ltr'>inre</span> <span class='ocrx_word' id='word_1_284' title='bbox 750 2778 857 2819; x_wconf 86' lang='lat' dir='ltr'>cessum</span> <span class='ocrx_word' id='word_1_285' title='bbox 883 2762 927 2818; x_wconf 90' lang='lat' dir='ltr'>uel</span> <span class='ocrx_word' id='word_1_286' title='bbox 955 2772 1123 2838; x_wconf 90' lang='lat' dir='ltr'>usucaptum.</span> 
     </span>
     <span class='ocr_line' id='line_1_32' title="bbox 173 2846 1125 2921; baseline 0.003 -20"><span class='ocrx_word' id='word_1_287' title='bbox 173 2847 247 2919; x_wconf 86' lang='lat' dir='ltr'>quod</span> <span class='ocrx_word' id='word_1_288' title='bbox 268 2847 378 2921; x_wconf 89' lang='lat' dir='ltr'>quidem</span> <span class='ocrx_word' id='word_1_289' title='bbox 399 2849 442 2902; x_wconf 91' lang='lat' dir='ltr'>ius</span> <span class='ocrx_word' id='word_1_290' title='bbox 464 2856 553 2903; x_wconf 85' lang='lat' dir='ltr'>utrum</span> <span class='ocrx_word' id='word_1_291' title='bbox 574 2846 607 2902; x_wconf 93' lang='lat' dir='ltr'>ad</span> <span class='ocrx_word' id='word_1_292' title='bbox 621 2846 713 2904; x_wconf 88' lang='lat' dir='ltr'>italica</span> <span class='ocrx_word' id='word_1_293' title='bbox 728 2854 832 2902; x_wconf 89' lang='lat' dir='ltr'>tantum</span> <span class='ocrx_word' id='word_1_294' title='bbox 847 2846 970 2919; x_wconf 89' lang='lat' dir='ltr'>praedia,</span> <span class='ocrx_word' id='word_1_295' title='bbox 992 2864 1025 2904; x_wconf 88' lang='lat' dir='ltr'>an</span> <span class='ocrx_word' id='word_1_296' title='bbox 1045 2850 1125 2904; x_wconf 87' lang='lat' dir='ltr'>etiam</span> 
     </span>
     <span class='ocr_line' id='line_1_33' title="bbox 173 2926 1124 3004; baseline 0.002 -19"><span class='ocrx_word' id='word_1_297' title='bbox 173 2931 207 2985; x_wconf 89' lang='lat' dir='ltr'>ad</span> <span class='ocrx_word' id='word_1_298' title='bbox 221 2931 395 3004; x_wconf 88' lang='lat' dir='ltr'>prouincialia</span> <span class='ocrx_word' id='word_1_299' title='bbox 410 2932 551 3004; x_wconf 86' lang='lat' dir='ltr'>pertineat,</span> <span class='ocrx_word' id='word_1_300' title='bbox 574 2928 720 2989; x_wconf 89' lang='lat' dir='ltr'>dubitatur.</span> <span class='ocrx_word' id='word_1_301' title='bbox 760 2926 810 2987; x_wconf 80' lang='lat'>64.</span> <span class='ocrx_word' id='word_1_302' title='bbox 832 2930 871 2986; x_wconf 79' lang='lat' dir='ltr'>lix</span> <span class='ocrx_word' id='word_1_303' title='bbox 885 2928 994 2985; x_wconf 87' lang='lat' dir='ltr'>diuerso</span> <span class='ocrx_word' id='word_1_304' title='bbox 1011 2940 1124 3002; x_wconf 83' lang='lat' dir='ltr'>agnatus</span> 
     </span>
    </p>
   </div>
   <div class='ocr_carea' id='block_1_3' title="bbox 172 3078 1222 3219">
    <p class='ocr_par' dir='ltr' id='par_1_3' title="bbox 172 3078 1222 3219">
     <span class='ocr_line' id='line_1_34' title="bbox 245 3078 1126 3148; baseline 0 -18"><span class='ocrx_word' id='word_1_305' title='bbox 245 3078 266 3148; x_wconf 80' lang='lat'>¹)</span> <span class='ocrx_word' id='word_1_306' title='bbox 284 3082 323 3132; x_wconf 87' lang='lat' dir='ltr'>De</span> <span class='ocrx_word' id='word_1_307' title='bbox 346 3082 394 3132; x_wconf 81' lang='lat' dir='ltr'>boc</span> <span class='ocrx_word' id='word_1_308' title='bbox 413 3083 451 3143; x_wconf 58' lang='grc' dir='ltr'>ἐξ.</span> <span class='ocrx_word' id='word_1_309' title='bbox 471 3092 566 3133; x_wconf 71' lang='lat'><strong>02—64.</strong></span> <span class='ocrx_word' id='word_1_310' title='bbox 589 3097 651 3132; x_wconf 84' lang='lat' dir='ltr'>uero</span> <span class='ocrx_word' id='word_1_311' title='bbox 671 3084 727 3132; x_wconf 88' lang='lat' dir='ltr'>loco</span> <span class='ocrx_word' id='word_1_312' title='bbox 748 3082 783 3145; x_wconf 81' lang='lat' dir='ltr'>cf.</span> <span class='ocrx_word' id='word_1_313' title='bbox 803 3088 854 3132; x_wconf 85' lang='lat' dir='ltr'>not.</span> <span class='ocrx_word' id='word_1_314' title='bbox 874 3086 934 3130; x_wconf 82' lang='lat' dir='ltr'>ante</span> <span class='ocrx_word' id='word_1_315' title='bbox 952 3082 975 3142; x_wconf 64' lang='grc' dir='ltr'>ς.</span> <span class='ocrx_word' id='word_1_316' title='bbox 995 3090 1029 3132; x_wconf 78' lang='grc'>65.</span> <span class='ocrx_word' id='word_1_317' title='bbox 1047 3084 1126 3131; x_wconf 83' lang='lat' dir='ltr'>etad</span> 
     </span>
     <span class='ocr_line' id='line_1_35' title="bbox 172 3150 1222 3219; baseline -0.003 -13"><span class='ocrx_word' id='word_1_318' title='bbox 172 3154 211 3216; x_wconf 64' lang='grc' dir='ltr'>ἐξ.</span> <span class='ocrx_word' id='word_1_319' title='bbox 226 3164 322 3206; x_wconf 76' lang='lat' dir='ltr'>tto-st.</span> <span class='ocrx_word' id='word_1_320' title='bbox 338 3154 361 3214; x_wconf 66' lang='grc' dir='ltr'>ἕ.</span> <span class='ocrx_word' id='word_1_321' title='bbox 376 3163 397 3201; x_wconf 81' lang='lat'>2.</span> <span class='ocrx_word' id='word_1_322' title='bbox 417 3151 438 3200; x_wconf 89' lang='grc' dir='ltr'>Ι.</span> <span class='ocrx_word' id='word_1_323' title='bbox 454 3150 522 3215; x_wconf 84' lang='lat' dir='ltr'>quib.</span> <span class='ocrx_word' id='word_1_324' title='bbox 538 3154 614 3202; x_wconf 83' lang='lat' dir='ltr'>alien.</span> <span class='ocrx_word' id='word_1_325' title='bbox 630 3154 673 3202; x_wconf 86' lang='lat' dir='ltr'>lic.</span> <span class='ocrx_word' id='word_1_326' title='bbox 688 3151 719 3218; x_wconf 79' lang='lat'>(2,</span> <span class='ocrx_word' id='word_1_327' title='bbox 734 3152 766 3219; x_wconf 79' lang='lat'>8).</span> <span class='ocrx_word' id='word_1_328' title='bbox 1219 3158 1222 3162; x_wconf 81' lang='grc'><em>’</em></span> 
     </span>
    </p>
   </div>
   <div class='ocr_carea' id='block_1_4' title="bbox 171 3308 1123 3590">
    <p class='ocr_par' dir='ltr' id='par_1_4' title="bbox 171 3308 1123 3590">
     <span class='ocr_line' id='line_1_36' title="bbox 242 3308 1123 3379; baseline -0.002 -15"><span class='ocrx_word' id='word_1_329' title='bbox 242 3308 268 3379; x_wconf 68' lang='lat'>§-</span> <span class='ocrx_word' id='word_1_330' title='bbox 284 3314 325 3364; x_wconf 83' lang='lat' dir='ltr'>te.</span> <span class='ocrx_word' id='word_1_331' title='bbox 346 3311 385 3374; x_wconf 81' lang='lat' dir='ltr'>Of.</span> <span class='ocrx_word' id='word_1_332' title='bbox 395 3310 427 3360; x_wconf 89' lang='lat' dir='ltr'>L.</span> <span class='ocrx_word' id='word_1_333' title='bbox 443 3321 463 3361; x_wconf 82' lang='lat' dir='ltr'>a.</span> <span class='ocrx_word' id='word_1_334' title='bbox 477 3312 500 3373; x_wconf 75' lang='lat'>§-</span> <span class='ocrx_word' id='word_1_335' title='bbox 511 3322 531 3362; x_wconf 78' lang='grc' dir='ltr'>τ.</span> <span class='ocrx_word' id='word_1_336' title='bbox 545 3311 578 3360; x_wconf 85' lang='lat' dir='ltr'>D.</span> <span class='ocrx_word' id='word_1_337' title='bbox 593 3312 630 3361; x_wconf 81' lang='lat' dir='ltr'>tit.</span> <span class='ocrx_word' id='word_1_338' title='bbox 646 3312 689 3361; x_wconf 77' lang='lat' dir='ltr'>cit.</span> <span class='ocrx_word' id='word_1_339' title='bbox 705 3312 728 3373; x_wconf 63' lang='grc' dir='ltr'>ἕ.</span> <span class='ocrx_word' id='word_1_340' title='bbox 738 3321 772 3362; x_wconf 79' lang='lat' dir='ltr'>ea.</span> <span class='ocrx_word' id='word_1_341' title='bbox 791 3310 863 3361; x_wconf 73' lang='lat' dir='ltr'>dett.</span> <span class='ocrx_word' id='word_1_342' title='bbox 874 3313 917 3361; x_wconf 77' lang='lat' dir='ltr'>cit.</span> <span class='ocrx_word' id='word_1_343' title='bbox 927 3311 997 3375; x_wconf 78' lang='lat' dir='ltr'>Epir.</span> <span class='ocrx_word' id='word_1_344' title='bbox 1007 3322 1028 3372; x_wconf 85' lang='lat' dir='ltr'>a,</span> <span class='ocrx_word' id='word_1_345' title='bbox 1038 3325 1058 3364; x_wconf 86' lang='lat'>1.</span> <span class='ocrx_word' id='word_1_346' title='bbox 1069 3314 1091 3376; x_wconf 66' lang='grc' dir='ltr'>ς.</span> <span class='ocrx_word' id='word_1_347' title='bbox 1102 3325 1123 3367; x_wconf 79' lang='lat' dir='ltr'>o.</span> 
     </span>
     <span class='ocr_line' id='line_1_37' title="bbox 171 3379 1123 3451; baseline 0.001 -19"><span class='ocrx_word' id='word_1_348' title='bbox 171 3379 197 3450; x_wconf 66' lang='grc' dir='ltr'>ξ.</span> <span class='ocrx_word' id='word_1_349' title='bbox 213 3385 254 3434; x_wconf 75' lang='grc'>62.</span> <span class='ocrx_word' id='word_1_350' title='bbox 271 3405 304 3425; x_wconf 82' lang='lat'>==</span> <span class='ocrx_word' id='word_1_351' title='bbox 317 3397 358 3445; x_wconf 82' lang='lat' dir='ltr'>pr.</span> <span class='ocrx_word' id='word_1_352' title='bbox 377 3380 401 3430; x_wconf 86' lang='lat'>1.</span> <span class='ocrx_word' id='word_1_353' title='bbox 420 3381 487 3445; x_wconf 81' lang='lat' dir='ltr'>quib.</span> <span class='ocrx_word' id='word_1_354' title='bbox 508 3383 585 3431; x_wconf 84' lang='lat' dir='ltr'>alien.</span> <span class='ocrx_word' id='word_1_355' title='bbox 605 3384 648 3432; x_wconf 86' lang='lat' dir='ltr'>lic.</span> <span class='ocrx_word' id='word_1_356' title='bbox 667 3379 704 3446; x_wconf 78' lang='lat'>(2,</span> <span class='ocrx_word' id='word_1_357' title='bbox 723 3380 754 3446; x_wconf 85' lang='lat'>8).</span> <span class='ocrx_word' id='word_1_358' title='bbox 822 3379 847 3451; x_wconf 68' lang='grc' dir='ltr'>ξ.</span> <span class='ocrx_word' id='word_1_359' title='bbox 863 3385 905 3433; x_wconf 84' lang='grc'>63.</span> <span class='ocrx_word' id='word_1_360' title='bbox 920 3399 964 3446; x_wconf 84' lang='lat' dir='ltr'>pr.</span> <span class='ocrx_word' id='word_1_361' title='bbox 979 3382 1001 3432; x_wconf 87' lang='grc' dir='ltr'>Ι.</span> <span class='ocrx_word' id='word_1_362' title='bbox 1017 3386 1059 3434; x_wconf 82' lang='lat' dir='ltr'>cit.</span> <span class='ocrx_word' id='word_1_363' title='bbox 1085 3384 1123 3448; x_wconf 83' lang='lat' dir='ltr'>Os.</span> 
     </span>
     <span class='ocr_line' id='line_1_38' title="bbox 172 3447 1123 3519; baseline 0.003 -19"><span class='ocrx_word' id='word_1_364' title='bbox 172 3453 249 3502; x_wconf 84' lang='lat' dir='ltr'>Paul.</span> <span class='ocrx_word' id='word_1_365' title='bbox 264 3464 285 3511; x_wconf 81' lang='lat'>2,</span> <span class='ocrx_word' id='word_1_366' title='bbox 299 3464 326 3503; x_wconf 78' lang='lat' dir='ltr'>ul</span> <span class='ocrx_word' id='word_1_367' title='bbox 340 3451 370 3501; x_wconf 91' lang='lat' dir='ltr'>B.</span> <span class='ocrx_word' id='word_1_368' title='bbox 390 3453 413 3513; x_wconf 63' lang='grc' dir='ltr'>ξ,</span> <span class='ocrx_word' id='word_1_369' title='bbox 428 3462 449 3500; x_wconf 75' lang='lat' dir='ltr'>a.</span> <span class='ocrx_word' id='word_1_370' title='bbox 500 3447 525 3519; x_wconf 62' lang='grc' dir='ltr'><strong>ξ</strong></span> <span class='ocrx_word' id='word_1_371' title='bbox 537 3455 578 3502; x_wconf 78' lang='lat' dir='ltr'>ot.</span> <span class='ocrx_word' id='word_1_372' title='bbox 600 3451 638 3516; x_wconf 81' lang='lat' dir='ltr'>Of.</span> <span class='ocrx_word' id='word_1_373' title='bbox 653 3451 706 3501; x_wconf 83' lang='lat' dir='ltr'>Cic.</span> <span class='ocrx_word' id='word_1_374' title='bbox 721 3453 753 3501; x_wconf 87' lang='lat' dir='ltr'>de</span> <span class='ocrx_word' id='word_1_375' title='bbox 767 3453 860 3503; x_wconf 80' lang='lat' dir='ltr'>iuvent.</span> <span class='ocrx_word' id='word_1_376' title='bbox 876 3464 897 3512; x_wconf 77' lang='lat' dir='ltr'>a,</span> <span class='ocrx_word' id='word_1_377' title='bbox 911 3464 944 3505; x_wconf 84' lang='lat' dir='ltr'>oo.</span> <span class='ocrx_word' id='word_1_378' title='bbox 960 3456 996 3504; x_wconf 86' lang='lat' dir='ltr'>od</span> <span class='ocrx_word' id='word_1_379' title='bbox 1008 3455 1123 3505; x_wconf 85' lang='lat' dir='ltr'>Herenn.</span> 
     </span>
     <span class='ocr_line' id='line_1_39' title="bbox 171 3521 1123 3590; baseline -0.001 -17"><span class='ocrx_word' id='word_1_380' title='bbox 171 3535 192 3581; x_wconf 87' lang='lat'>1,</span> <span class='ocrx_word' id='word_1_381' title='bbox 207 3534 241 3574; x_wconf 78' lang='lat' dir='ltr'>ns.</span> <span class='ocrx_word' id='word_1_382' title='bbox 265 3523 319 3587; x_wconf 75' lang='lat' dir='ltr'>(dp.</span> <span class='ocrx_word' id='word_1_383' title='bbox 339 3535 377 3581; x_wconf 77' lang='lat'>12,</span> <span class='ocrx_word' id='word_1_384' title='bbox 392 3534 413 3573; x_wconf 82' lang='lat' dir='ltr'>a.</span> <span class='ocrx_word' id='word_1_385' title='bbox 432 3521 464 3571; x_wconf 85' lang='lat' dir='ltr'>L.</span> <span class='ocrx_word' id='word_1_386' title='bbox 484 3532 517 3573; x_wconf 82' lang='lat' dir='ltr'>sa.</span> <span class='ocrx_word' id='word_1_387' title='bbox 537 3524 559 3583; x_wconf 58' lang='grc' dir='ltr'>ᾗ.</span> <span class='ocrx_word' id='word_1_388' title='bbox 574 3533 596 3573; x_wconf 75' lang='grc'>4.</span> <span class='ocrx_word' id='word_1_389' title='bbox 614 3522 646 3571; x_wconf 86' lang='grc' dir='ltr'>Ι).</span> <span class='ocrx_word' id='word_1_390' title='bbox 667 3522 698 3570; x_wconf 88' lang='lat' dir='ltr'>de</span> <span class='ocrx_word' id='word_1_391' title='bbox 714 3523 780 3585; x_wconf 78' lang='lat' dir='ltr'>sort.</span> <span class='ocrx_word' id='word_1_392' title='bbox 794 3535 829 3584; x_wconf 70' lang='lat' dir='ltr'>aa,</span> <span class='ocrx_word' id='word_1_393' title='bbox 843 3536 865 3575; x_wconf 83' lang='lat'>2.</span> <span class='ocrx_word' id='word_1_394' title='bbox 884 3551 917 3561; x_wconf 93' lang='lat'>-</span> <span class='ocrx_word' id='word_1_395' title='bbox 935 3526 958 3589; x_wconf 71' lang='lat'>§-</span> <span class='ocrx_word' id='word_1_396' title='bbox 973 3538 994 3577; x_wconf 92' lang='lat'>1.</span> <span class='ocrx_word' id='word_1_397' title='bbox 1017 3525 1040 3575; x_wconf 89' lang='lat'>1.</span> <span class='ocrx_word' id='word_1_398' title='bbox 1056 3525 1123 3590; x_wconf 79' lang='lat' dir='ltr'>quib.</span> 
     </span>
    </p>
   </div>
   <div class='ocr_carea' id='block_1_5' title="bbox 0 0 1313 3942">
    <p class='ocr_par' dir='ltr' id='par_1_5' title="bbox 0 0 1313 3942">
     <span class='ocr_line' id='line_1_40' title="bbox 0 0 1313 3942; baseline 0 0"><span class='ocrx_word' id='word_1_399' title='bbox 0 0 1313 3942; x_wconf 95' lang='lat' dir='ltr'> </span> 
     </span>
    </p>
   </div>
  </div>
 </body>
</html>
