2609 3942
181 181 246 247 236
482 199 541 235 om
558 200 649 234 nasum.
669 181 703 233 11.
719 186 832 235 71-78.

180 331 218 384 ita
232 328 359 402 paulatim
374 328 476 385 tlumen
490 345 557 402 agro
571 336 667 384 nostro
682 327 777 398 adicit,
792 335 824 383 ut
838 330 979 385 aestimare
998 346 1054 386 oon
1070 347 1135 403 pos·

181 413 276 488 simus,
291 421 418 486 quantum
431 429 540 485 quoque
551 420 688 468 momento
703 413 833 485 temporis
844 412 989 469 adiciatur:
1007 409 1068 486 (et)¹
1081 415 1136 472 hoc

181 503 234 568 est,
249 496 323 569 quod
338 496 423 570 uolgo
438 496 551 566 dicitur,
566 511 617 569 per
630 494 794 551 alluuionem
809 496 836 551 id
851 496 918 552 adici
934 497 1037 569 uideri,
1059 498 1133 571 quod
1144 511 1208 559 [707]

180 580 218 635 ita
231 579 357 653 paulatim
372 580 500 650 adicitur,
524 588 555 636 ut
570 578 664 636 oculos
685 585 796 635 nostros
817 578 902 635 lallat.
938 577 981 637 71.
1003 582 1095 654 ltaque
1110 583 1135 638 si

180 661 281 719 llumen
295 671 399 736 partem
413 663 530 736 aliquam
544 679 578 719 er
592 670 640 718 tuo
656 661 766 735 praedio
781 656 939 719 resciderit²
954 674 982 719 et
996 664 1029 719 ad
1043 680 1134 720 meum

129 750 169 798 71.
179 746 318 820 praedium
331 748 484 821 pertulerit,
499 747 567 804 haec
580 763 642 819 pars
659 755 706 802 tua
717 739 817 823 mulnet
860 742 907 806 ⁷2.
923 750 958 803 At
968 751 992 803 si
1006 749 1035 803 in
1045 748 1134 805 medio

179 829 290 886 llumine
310 831 398 887 insula
417 839 478 887 nata
498 832 550 900 sit,
571 830 637 886 haec
658 845 752 886 eorum
774 831 893 886 omnium
916 836 1068 888 communis
1081 838 1133 902 est,

179 915 227 987 qui
241 913 274 969 ab
289 922 405 988 utraque
420 922 496 986 parte
510 912 628 969 fluminis
642 929 729 986 prope
750 916 834 987 ripam
854 914 961 988 praedia
976 915 1133 987 possident3

179 999 203 1053 si
214 1014 282 1052 uero
293 1013 347 1052 non
359 998 394 1052 sit
404 996 526 1053 inmedio
538 997 659 1070 llumine,
666 996 699 1052 ad
710 1013 756 1052 eos
768 997 898 1071 pertinet,
906 1001 952 1070 qui
964 998 996 1054 ab
1005 1015 1036 1054 ea
1043 1008 1132 1072 parte,

180 1096 250 1154 quae
264 1084 386 1153 proxima
400 1088 452 1151 est,
467 1082 541 1137 iusta
555 1082 639 1154 ripam
653 1079 763 1154 praedia
777 1079 885 1137 babent.
922 1078 969 1140 78.
989 1082 1133 1139 Praeterea

179 1165 215 1235 id,
232 1164 305 1237 quod
319 1166 346 1222 in
361 1165 421 1221 solo
437 1173 533 1220 nostro
544 1163 577 1220 ab
592 1165 682 1238 aliquo
697 1162 865 1221 aedificatum
876 1174 928 1237 est,
944 1168 1070 1240 quamuis
1084 1166 1131 1222 ille

179 1263 230 1303 suo
245 1248 354 1304 nomine
364 1246 557 1319 aedidcauerit,
571 1249 631 1303 iure
640 1247 755 1304 naturali
766 1257 890 1305 nostrum
903 1248 944 1321 tit,
960 1252 1022 1324 quia
1035 1266 1133 1323 super·

179 1329 251 1388 licies
265 1332 326 1388 solo
341 1332 421 1389 cedit.
462 1328 511 1388 74.
534 1332 674 1405 llultoque
688 1333 774 1404 magis
789 1332 816 1387 id
832 1333 927 1389 accidit
942 1343 970 1389 et
984 1335 1012 1388 iu
1027 1333 1132 1406 planta,

158 1423 258 1488 ‘quam
273 1417 333 1487 quis
347 1418 375 1471 in
389 1416 450 1472 solo
464 1424 560 1472 nostro
575 1415 715 1489 posuerit,
735 1416 760 1470 si
779 1415 861 1472 modo
881 1416 1016 1473 radicibus
1031 1425 1132 1474 terram

179 1498 317 1572 complexa
332 1499 423 1556 luerit.
459 1495 503 1557 75.
523 1498 596 1555 ldem
610 1499 745 1572 contingit
760 1506 788 1554 et
802 1501 829 1554 in
841 1500 997 1572 frumento,
1015 1501 1089 1575 quod
1104 1503 1133 1557 in

179 1581 240 1638 solo
256 1589 351 1637 nostro
366 1583 400 1639 ab
414 1583 505 1656 aliquo
521 1590 607 1638 satum
623 1582 714 1638 luerit.
751 1577 796 1641 76.
818 1582 871 1638 Sed
886 1586 910 1639 si
920 1583 952 1639 ab
964 1600 997 1640 eo
1009 1592 1133 1657 petamus

179 1666 295 1723 tondum
308 1666 352 1722 uel
362 1665 556 1741 aediticium,et
566 1668 693 1740 inpensas
704 1667 731 1721 in
742 1664 891 1724 aedilicium
901 1667 946 1724 uel
954 1669 982 1723 in
991 1670 1133 1724 seminaria

179 1749 225 1806 uel
238 1750 265 1806 in
279 1760 426 1807 sementem
442 1751 524 1807 iactas
539 1752 565 1807 ei
578 1750 687 1807 soluere
702 1749 828 1819 nolimus,
843 1752 947 1824 poterit
960 1767 1011 1807 nos
1025 1768 1076 1826 per
1087 1767 1133 1807 ex·

179 1835 328 1908 ceptionem
352 1834 409 1890 doli
428 1834 490 1890 mali
504 1833 647 1907 repellere,
669 1835 761 1906 utique
775 1835 799 1888 si
813 1832 900 1890 bonae
914 1833 976 1891 fidel
986 1851 1133 1908 possessor

99 1957 103 1964 .
179 1916 272 1976 luerit.
306 1913 350 1974 77.
374 1919 471 1975 liudem
491 1921 598 1974 ratione
617 1917 760 1992 probatum
781 1924 837 1992 est,
858 1918 931 1991 quod
951 1921 981 1975 in
1001 1919 1133 1976 chartulis

179 2003 238 2057 siue
256 2001 416 2059 membranis
437 2004 503 2059 meis
525 2002 621 2075 aliquis
643 2001 799 2074 scripserit,
823 2001 888 2059 licet
908 2005 997 2059 aureis
1023 2003 1131 2073 litteris,

178 2101 266 2141 meum
281 2102 352 2157 esse,
367 2087 429 2160 quia
440 2086 546 2142 litterae
558 2084 688 2141 chartulis
699 2086 758 2140 siue
769 2084 930 2142 membranis
942 2087 1056 2143 cedunt:
1072 2086 1132 2143 ’ita-

178 2184 231 2242 que
253 2162 321 2243 (et)³
346 2171 369 2226 si
388 2186 442 2244 ego
468 2185 515 2226 eos
535 2168 618 2226 libros
643 2184 743 2242 easque
763 2168 929 2226 membranas
948 2179 1051 2244 petam,
1081 2186 1134 2227 nec

176 2253 316 2325 inpensam
337 2255 485 2328 scripturae
500 2253 618 2323 soluam‚
639 2269 689 2325 per
708 2254 894 2325 exceptionem
909 2254 966 2309 doli
981 2254 1043 2310 mali
1057 2271 1133 2310 sum·

176 2338 281 2393 moueri
301 2347 408 2410 potero.
451 2333 499 2394 78.
521 2336 575 2393 Sed
600 2338 624 2391 si
643 2337 672 2391 in
691 2333 782 2392 tabula
806 2352 865 2392 mea
891 2338 989 2410 aliquis
1013 2340 1134 2412 pinxerit

126 2426 166 2475 72.
179 2418 264 2476 ueluti
278 2422 432 2494 imaginem,
448 2429 543 2477 eontra
557 2420 703 2493 probatur:
723 2414 728 2495 Ι
747 2422 833 2493 magis
848 2422 918 2476 euim
930 2420 1037 2486 dicitur,
1053 2421 1132 2477 tabu·

177 2503 228 2558 lam
236 2505 358 2577 picturae
369 2504 480 2574 cedere3
490 2505 566 2560 cuius
578 2503 742 2559 diuersitatis
752 2503 795 2558 uir
805 2503 900 2560 idonea
911 2506 980 2560 ratio
992 2504 1131 2560 redditore

177 2595 252 2643 certe
263 2586 410 2643 secuudum
422 2588 491 2644 banc
501 2587 623 2662 regulam
635 2587 657 2642 si
669 2601 712 2641 me
722 2586 880 2659 possidente
890 2597 978 2661 petas,
988 2588 1132 2661 imaginem

249 2766 270 2837 ¹)
285 2769 391 2821 Addidi.
443 2769 465 2839 ἵ)
484 2772 511 2821 V
511 2768 539 2831 ¹²,
554 2787 606 2823 noo
620 2773 734 2822 reciderit
747 2773 798 2822 oid.
813 2788 905 2837 opopr.
920 2772 1032 2823 Student.
1043 2785 1132 2837 17798.

178 2838 199 2909 ⁸)
212 2840 258 2892 Sic
271 2856 340 2892 777700
353 2844 433 2893 malui
445 2843 561 2893 seribere
575 2858 650 2906 quom
664 2850 756 2893 antea:
769 2850 795 2892 at
809 2858 895 2907 oeque.

244 3016 270 3090 5.
287 3023 328 3071 71.
350 3018 388 3082 Of.
403 3019 435 3069 h.
450 3030 471 3070 7.
486 3020 509 3081 5.
524 3031 545 3070 s.
564 3018 597 3068 D.
612 3021 650 3067 777.
667 3020 710 3068 eit,
725 3020 748 3081 5.
764 3031 797 3069 77.
815 3019 836 3069 Ι.
851 3021 890 3069 477.
901 3021 944 3070 cte.
995 3016 1020 3089 5.
1032 3023 1074 3073 77.
1091 3021 1131 3084 of.

174 3091 206 3141 L.
221 3103 241 3143 7.
256 3094 281 3155 5.
296 3103 316 3143 a.
335 3090 368 3138 D.
383 3091 422 3138 tit.
437 3092 480 3139 cit.
495 3091 519 3151 5.
534 3100 567 3140 77.
583 3088 606 3138 Ι.
621 3092 659 3138 777.
675 3091 718 3139 eit.
769 3085 794 3157 §.
811 3093 853 3141 73.
874 3090 912 3153 Cf.
927 3090 958 3139 L.
974 3102 994 3141 7.
1009 3093 1033 3153 5.
1049 3104 1082 3142 12.
1098 3092 1131 3141 1).

173 3165 212 3212 777.
227 3165 270 3212 cit.
296 3163 320 3224 5.
334 3171 368 3212 oo.
383 3159 406 3209 Ι.
421 3161 460 3209 777.
475 3162 519 3210 cit.
533 3159 603 3223 Epit.
618 3172 639 3218 2,
655 3172 675 3211 1.
694 3162 717 3221 5.
731 3171 752 3209 4.
817 3157 842 3229 §-
858 3163 898 3211 74.
921 3159 960 3225 Of.
974 3161 1006 3210 Ι..
1022 3173 1042 3212 7.
1057 3163 1081 3224 5.
1096 3173 1131 3214 m.

173 3232 318 3283 mittete.
334 3233 373 3294 55.
389 3242 470 3282 mar.
490 3229 566 3279 7777,
582 3229 747 3293 077Εο777,
763 3233 857 3292 ι.5.4.
912 3227 938 3299 5.
954 3234 996 3282 75.
1017 3232 1056 3294 Cf.
1071 3232 1132 3284 ms

170 3318 214 3366 pr.
232 3302 266 3352 1).
281 3304 319 3352 777.
335 3304 378 3351 eit.
398 3303 420 3364 5.
435 3313 469 3353 77.
484 3300 507 3350 Ι.
523 3303 561 3351 tit.
576 3302 619 3351 cit.
634 3300 705 3363 Epir.
721 3302 737 3349 7,
753 3315 775 3350 0.
831 3297 855 3369 5.
872 3304 913 3352 76.
935 3301 973 3365 Of.
987 3301 1058 3366 Epir.
1073 3314 1094 3366 7,
1109 3315 1131 3353 7.

172 3374 196 3433 5.
215 3384 236 3424 s.
250 3371 282 3422 L.
298 3383 318 3423 a.
333 3373 356 3434 5.
372 3383 405 3422 rs.
425 3372 539 3436 depr.
559 3371 591 3420 17.
606 3373 645 3420 tte.
661 3373 705 3421 ott.
725 3373 764 3433 55.
775 3382 808 3422 70.
823 3383 857 3422 77.
877 3371 953 3420 Lot.
969 3374 1013 3422 cit.
1050 3368 1131 3440 577.

175 3442 213 3504 Of.
228 3442 298 3505 Epir.
313 3452 335 3498 7,
350 3453 369 3490 1.
388 3444 427 3503 55.
441 3454 463 3493 4.
478 3454 498 3493 0.
518 3442 550 3491 Ι..
565 3453 586 3494 e.
602 3443 624 3504 5.
640 3453 661 3492 1.
676 3441 709 3489 D.
724 3444 763 3490 777.
779 3442 822 3491 cit.
840 3443 863 3503 5.
878 3452 912 3493 os.
927 3442 950 3491 I.
965 3442 1004 3492 777.
1020 3444 1063 3492 cit.

172 3509 199 3580 ξ.
215 3514 257 3562 78.
277 3509 422 3577 instinctio]
437 3512 472 3574 cf.
487 3523 508 3574 s,
522 3522 569 3564 707.
