2609 3942
485 239 545 276 om
563 240 661 277 rnsmr.
679 221 730 275 111.
748 227 857 279 st-ss.
971 180 973 184 ι
1089 222 1152 287 299

197 383 332 452 tuebatur,
346 381 446 437 liberos
461 397 520 438 esse
536 382 659 454 coepisse
671 386 698 436 et
709 378 856 452 appeilatos
872 396 931 436 esse
942 380 1050 437 Latinos
1065 380 1151 437 iunia-

197 483 260 533 nos3
283 465 390 521 Latinos
405 465 483 534 ideo,
506 467 569 538 quia
590 465 633 520 lex
656 480 703 518 eos
727 462 827 518 liberos
849 464 959 535 perinde
980 481 1040 520 esse
1064 466 1152 521 uoluit

196 559 277 623 atque
292 548 348 621 ’qui
364 565 428 606 eum
444 556 536 604 essent
556 550 629 604 ciues
644 547 755 603 Romani
773 540 908 620 ingenui¹
929 563 960 600 ex
982 547 1048 603 urbe
1068 547 1152 604 Roma

195 632 343 689 internas
363 632 481 688 colonias
503 630 622 702 deducti,
643 630 730 686 Latini
751 630 891 686 soloniarii
911 646 971 685 esse
986 642 1150 703 coeperunt;

194 717 319 772 iuniauos
333 715 406 786 ideo,
426 718 487 788 quia
503 731 553 788 per
567 714 655 789 legem
671 714 771 769 luniam
787 713 864 769 liberi
875 714 940 769 iacti
950 723 1024 784 sunt,
1039 712 1152 770 'etiamsi

196 816 250 856 nou
265 810 356 855 essent
370 801 443 855 ciues
458 791 590 855 Romani.2
624 798 704 871 ’legis
719 799 809 870 itaque
823 797 913 853 Iuniae
929 791 1017 853 lator³
1036 813 1096 853 sum
1111 800 1151 854 iu-

126 892 181 945 [am]
195 883 339 958 teliegeret
354 884 489 953 futurum,
510 890 540 938 ut
555 898 586 937 ea
608 880 718 938 fictione
731 898 780 938 res
790 879 946 937 Latinorum
962 880 1152 937 defunctorum

196 967 227 1022 ad
250 975 382 1040 patronos
404 968 542 1039 pertinere
564 966 734 1036 desinerent,
761 964 833 1038 ‘quia
860 968 968 1022 scilieet
976 958 988 999 ⁴
1010 982 1098 1039 neque
1122 973 1152 1022 ut

194 1054 267 1106 serui
283 1050 456 1117 decederent,
478 1058 510 1106 ut
524 1058 637 1123 possent
651 1051 711 1105 iure
727 1049 829 1123 peculii
841 1066 886 1105 res
902 1066 996 1106 eorum
1012 1050 1045 1106 ad
1060 1059 1149 1122 patro·

194 1151 244 1191 uos
268 1136 419 1207 pertinere,
443 1150 530 1206 neque
546 1126 550 1212 i
567 1127 680 1190 ’liberti²
700 1132 784 1189 Latini
807 1134 924 1190 hominis
944 1132 1018 1205 bonu
1038 1140 1151 1207 possent
1162 1135 1218 1188 141.

195 1218 411 1274 manumissionis
426 1219 485 1274 iure
501 1218 532 1272 ad
549 1226 680 1291 patronos
695 1219 840 1289 pertinere,
862 1220 1045 1273 neeessarium
1059 1220 1150 1273 existi·

195 1304 288 1371 mauit,
304 1318 338 1357 ue
353 1300 512 1357 beneficium
526 1303 586 1357 istis
607 1302 699 1355 datum
714 1301 741 1354 in
756 1300 878 1354 iniuriam
896 1308 1072 1371 patronorum
1088 1318 1152 1356 oon·

195 1392 364 1453 uerteretur,
386 1400 491 1454 cauere,
512 1376 719 1460 'uoluit(que),⁵
742 1391 772 1436 ut
792 1381 861 1437 bona
876 1398 970 1438 eorum
991 1384 1104 1455 proinde
1119 1383 1151 1439 ad

196 1469 404 1521 manumissores
426 1468 607 1538 pertinerent,
636 1482 668 1521 ao
689 1466 713 1519 si
733 1465 774 1521 les
796 1466 851 1521 lata
873 1482 928 1521 uon
950 1474 1037 1524 esset:
1059 1468 1151 1540 itaque

195 1552 254 1605 iure
277 1547 473 1621 quodammodo
501 1549 600 1619 peculii
620 1548 691 1603 bona
712 1548 866 1605 Latinorum
888 1549 920 1605 ad
943 1553 1151 1608 manumissores

197 1648 228 1687 ea
243 1632 305 1704 lege
320 1631 467 1703 pertinent.
493 1624 622 1687 itunae
637 1631 742 1700 accidit,
759 1641 789 1687 ut
804 1632 885 1705 louge
901 1633 1023 1689 differant
1037 1651 1067 1689 ea
1082 1637 1149 1704 iura,

198 1732 271 1787 quae
286 1716 314 1769 in
329 1714 407 1769 bouis
421 1711 575 1768 Latinorum
591 1730 623 1769 er
638 1713 700 1786 iege
715 1713 789 1768 lunia
801 1716 947 1770 constituta
962 1725 1036 1786 snut,
1051 1716 1083 1771 ab
1098 1717 1152 1788 his,

197 1815 271 1872 quae
286 1799 314 1853 in
329 1795 478 1853 hereditate
490 1797 586 1852 ciuium
598 1795 780 1851 Romanorum
790 1796 950 1852 libertorum
963 1797 1151 1858 obseruantur.

195 1879 243 1938 58.
267 1880 331 1937 Nam
353 1881 419 1936 ciuis
434 1879 545 1935 Romani
565 1879 655 1936 liberti
674 1878 809 1935 hereditas
824 1879 857 1935 ad
877 1889 1019 1937 extraneos
1039 1882 1152 1938 heredes

196 1967 303 2039 patroni
318 1964 393 2020 nullo
410 1964 490 2019 modo
505 1965 639 2037 pertiuet;
656 1962 689 2018 ad
706 1961 788 2018 fitium
802 1972 890 2019 autem
906 1966 1013 2036 patroni
1027 1974 1152 2038 nepotes·

196 2066 249 2123 que
264 2066 296 2104 ex
316 2047 372 2104 fiiio
389 2056 416 2103 et
437 2057 603 2121 pronepotes
619 2063 651 2103 ex
667 2056 766 2121 nepote
781 2038 812 2125 (e
827 2049 888 2120 lilio
903 2041 986 2126 nuto)
1001 2056 1153 2122 prognatos

196 2133 351 2188 omnimodo
375 2133 506 2204 pertinet,
529 2133 633 2188 etiamsi
655 2125 703 2208 (a)
724 2140 836 2204 parente
858 2131 959 2187 inerint
982 2132 1151 2200 exheredati3

196 2218 353 2272 Latinorum
367 2224 456 2271 autem
479 2215 547 2271 bona
571 2224 704 2288 tamquam
726 2215 831 2289 peculia
853 2232 994 2272 seruorum
1017 2218 1096 2272 etiam
1119 2217 1152 2272 ad

196 2308 339 2356 extraneos
354 2298 467 2354 heredes
483 2301 627 2372 pertinent,
647 2309 674 2355 et
689 2299 722 2355 ad
737 2299 838 2356 liberos
853 2294 1091 2378 manumissoris)
1107 2317 1152 2357 er·

195 2424 408 2433 „—

269 2480 290 2550 ¹)
305 2485 326 2534 si
341 2492 421 2533 essent
434 2485 500 2533 eines
515 2484 613 2532 Romani
627 2484 722 2545 ingenui
736 2485 777 2547 qui
787 2484 813 2534 0.
824 2485 882 2534 edd.
893 2488 969 2536 etium
983 2502 1052 2536 meae
1067 2500 1087 2538 1.
1098 2499 1118 2538 2.
1129 2498 1150 2538 e.

195 2555 249 2606 Sed
265 2556 399 2619 manifeste
421 2555 485 2605 baec
501 2562 561 2603 sunt
584 2557 693 2609 luxata:
712 2549 746 2621 []
765 2556 872 2603 inclusit
888 2557 928 2605 ed.
947 2556 1021 2606 Stud.
1045 2564 1152 2607 auctore

197 2627 309 2677 Momms.
334 2628 408 2675 ualde
422 2624 517 2683 dubito,
532 2640 566 2672 an
580 2630 666 2678 reste;
686 2638 766 2686 neque
780 2626 847 2672 enim
860 2625 1028 2684 eredendum,
1042 2627 1151 2684 libertis,

196 2699 244 2747 etsi
262 2698 371 2760 pomoni
389 2696 588 2752 consensissent,
607 2708 715 2757 quorum
734 2694 774 2741 ius
788 2693 905 2755 peribat,
926 2711 1035 2760 unquam
1055 2704 1152 2746 tantum

193 2769 269 2830 fidem
283 2782 300 2815 u
310 2767 406 2830 populo
422 2763 493 2813 Rom.
511 2763 623 2812 babitnm
636 2778 704 2821 esse,
721 2770 749 2811 ut
763 2764 852 2812 liceret
871 2765 909 2813 eis
927 2766 954 2812 in
969 2768 1085 2815 colonias
1098 2766 1152 2815 La-

197 2839 266 2886 tinus
286 2836 432 2899 proficisci,
453 2840 591 2898 prolesque
612 2832 677 2883 Gaio
700 2832 844 2890 debendae,
868 2833 937 2897 qnod
956 2836 987 2883 de
1006 2851 1036 2883 ea
1055 2851 1084 2885 re
1105 2852 1153 2886 nos

197 2908 322 2957 certiores
328 2906 431 2969 feeerit.
486 2899 507 2967 ¹)
525 2902 610 2968 Neque
619 2903 683 2953 buee
692 2903 778 2962 uerba,
788 2919 869 2968 neque
875 2910 967 2966 postea
976 2904 1056 2953 tiberii
1066 2905 1152 2970 (initio

193 2993 256 3042 paq.
268 2977 293 3027 C.
304 2976 353 3039 141)
368 2982 392 3025 et
406 2973 481 3023 noluit
494 2972 527 3023 ub
540 2973 683 3023 editoribus
697 2973 761 3023 Gaio
776 2980 873 3023 tuntum
886 2989 937 3023 non
951 2976 1080 3024 intellecto
1094 2977 1152 3025 iure

197 3048 347 3097 abiudicata
364 3052 430 3095 sunt.
466 3043 528 3094 Nam
547 3051 572 3093 et
590 3051 649 3093 anie
667 3046 746 3109 leqem
760 3043 863 3093 Iunium
876 3047 1040 3095 manumissio
1054 3051 1152 3094 tantum

192 3134 243 3181 per
257 3119 386 3167 ciuitatem
396 3114 467 3164 Rom.
478 3113 619 3164 libertatem
631 3115 748 3172 dederat,
763 3122 788 3164 et
796 3115 875 3164 liberti
885 3117 1031 3166 necessario
1045 3118 1151 3179 opponi-

196 3195 240 3236 tur
252 3189 335 3237 seruis
344 3193 369 3236 et
378 3186 453 3234 uoluit
465 3186 604 3250 siqnifieut,
619 3200 669 3249 qua
679 3186 781 3234 ratione
790 3186 860 3249 quod
873 3201 964 3235 enuere
978 3188 1152 3236 necessarium

196 3258 460 3322 ieqislmorduaeerai,
474 3255 598 3318 effecerit.
655 3251 675 3319 ⁶)
689 3253 736 3303 Sic
750 3251 802 3304 W.
857 3252 879 3321 ⁴)
889 3255 934 3304 Eu
948 3252 993 3304 V't
1003 3255 1104 3306 etsist
1117 3259 1150 3321 qi.

198 3324 219 3393 υ)
233 3327 278 3377 Sis
290 3328 348 3391 fere
361 3327 494 3389 scriptura
508 3325 651 3388 supplenda
665 3323 800 3374 uidebatur
813 3321 912 3393 [uoluit]
926 3327 965 3376 ed.
980 3325 1053 3377 stud.

197 3552 207 3619 (
267 3480 354 3619 §.>58.
375 3484 412 3545 Cf.
432 3483 472 3545 ἐς.
491 3493 588 3535 45-48.
607 3494 632 3546 t,
651 3493 699 3535 155.
722 3482 755 3531 L.
773 3494 786 3534 s
802 3498 846 3547 pr.
872 3485 905 3534 1).
924 3485 955 3534 de
974 3487 1031 3535 iure
1045 3493 1151 3550 patron.

208 3567 246 3616 m,
265 3566 310 3604 14.
958 3579 962 3587 ·
