2609 3942
227 207 291 271 400
548 223 607 261 osu
624 223 724 260 1114444.
741 205 789 262 lv.
808 210 864 259 ton.
884 200 893 205 ’

228 364 319 419 statim
334 370 418 437 petat,
434 371 577 438 antequam
592 379 625 419 ex
640 362 699 418 iure
714 369 802 432 exest,
815 362 841 418 id
854 370 904 433 est,
922 369 1064 434 antequam
1078 378 1093 417 s
1107 379 1185 436 prae·

229 455 289 503 tore
309 447 446 516 discedam
468 463 531 503 sero
553 448 623 504 enim
649 446 803 519 petentibus
829 461 884 501 non
908 444 1075 519 indulgetur.
1117 442 1183 503 int.

228 529 330 603 itaque
346 532 368 586 si
389 529 519 587 arbitrum
538 546 592 586 non
612 531 736 603 petierit,
759 529 807 586 sed
830 530 927 585 tacitns
948 528 982 585 de
1001 530 1061 585 iure
1080 531 1184 602 exierit,

231 631 291 670 cum
311 614 431 687 periculo
446 630 490 671 res
505 614 538 670 sd
558 615 658 670 exitum
680 612 853 686 perducitur:
875 629 935 667 nam
956 620 1032 669 actor
1052 622 1186 687 prouocat

231 697 416 754 aduersarium
431 698 599 772 sponsione,
616 701 648 754 ni
654 690 665 730 ¹
680 706 774 754 contra
789 696 906 753 edictum
920 698 1054 770 praetoris
1070 712 1125 752 non
1140 713 1186 753 en·

231 780 350 838 hibuerit
371 791 418 838 sut
438 797 493 838 non
508 782 675 849 restituerit3
696 780 743 836 iile
761 787 850 836 autem
865 778 995 835 aduersus
1010 781 1186 854 sponsionem

232 864 378 921 aduersarii
397 865 590 940 restipulatur3
611 863 709 921 deinde
729 873 805 921 ector
825 864 933 935 quidem
953 864 1109 936 sponsionis
1131 864 1187 920 tos·

230 948 328 1004 mulam
350 941 406 1004 edit
420 949 583 1018 aduersario,
606 947 734 1004 illebuic
754 949 868 1004 inuicem
887 946 1115 1020 restipulationis:
1137 948 1187 1004 sed

231 1039 306 1085 notor
325 1033 479 1103 sponsionis
499 1032 641 1089 formulae
656 1032 758 1088 subicit
773 1039 801 1087 et
816 1030 891 1086 alind
909 1030 1035 1087 indicium
1050 1031 1083 1088 de
1097 1048 1128 1087 re
1143 1047 1186 1088 re·
1201 1041 1252 1094 {sne}

230 1113 366 1169 stituenda
386 1113 430 1169 nei
451 1114 613 1182 exhibenda,
637 1122 668 1168 ut
688 1115 711 1170 si
732 1115 880 1188 sponsione
902 1115 1012 1183 niceni,
1034 1115 1086 1170 nisi
1102 1118 1126 1171 ei
1141 1132 1187 1172 res

163 1207 221 1256 444.
231 1196 386 1253 exhibentur
399 1207 447 1253 snt
460 1191 645 1267 restituatnr‚²
662 1190 666 1275 Ι
986 1229 1189 1240 -—----

163 1272 237 1381 iti

231 1393 1189 1405 ——mm---m-fflwmm

171 1399 188 1437 t.
201 1408 218 1438 s.

226 1525 299 1587 plius
313 1522 350 1572 ibi
361 1524 487 1585 scriptum
497 1523 581 1586 fuisse
599 1525 680 1572 uisum
697 1523 745 1585 sit,
764 1522 857 1572 omisit.
893 1520 981 1585 Ipsum
995 1529 1144 1585 praetorem
1159 1525 1188 1572 in

231 1593 369 1644 interdicto
387 1594 489 1643 reddito
507 1593 575 1643 banc
593 1592 795 1643 observationem
813 1594 850 1651 ei,
869 1594 971 1656 quicum
989 1591 1127 1657 opebatur,
1147 1595 1188 1642 in·

231 1665 357 1722 innuisse,
372 1665 464 1714 docent
478 1663 560 1714 Probi
577 1670 653 1713 notae
667 1662 794 1712 Einsidel.
817 1677 900 1726 supra
915 1678 942 1726 p.
957 1673 1004 1714 144.
1077 1658 1098 1726 ¹)
1113 1678 1188 1727 spon-

231 1735 323 1783 sionem
344 1733 369 1783 G.
393 1734 522 1797 sponsione
543 1730 633 1798 (quod)
654 1733 704 1781 Kr.
725 1733 765 1781 ed.
786 1744 807 1783 4.
882 1729 949 1797 ¹)In
964 1748 992 1795 p.
1009 1742 1071 1793 444,
1089 1734 1117 1781 in
1136 1750 1189 1797 qua

232 1806 333 1855 omnino
356 1804 422 1853 nibil
445 1812 515 1854 certo
535 1805 586 1870 lepi
603 1805 702 1867 patuit,
718 1804 830 1865 primum
852 1802 916 1851 baec
937 1802 996 1864 fere
1019 1809 1108 1852 secuta
1132 1819 1189 1854 esse

231 1877 363 1938 suspicor:
383 1872 528 1932 ‘tantidem
547 1876 637 1939 quanti
657 1874 762 1936 sponsio
776 1874 852 1936 facta
869 1874 917 1930 sit,
936 1873 1108 1923 aduersarius
1126 1889 1189 1924 con·

231 1945 376 1996 demnetur:
399 1946 468 2010 quad
489 1945 613 1995 iudicium
635 1946 782 2007 appellatur
800 1945 967 2003 secularium,
991 1944 1053 2007 quio
1069 1946 1189 2009 sequitur

231 2018 377 2080 sponsionis
391 2017 528 2066 uictoriam
543 2015 588 2081 (cs.
603 2016 625 2077 ξ.
641 2026 680 2065 164
688 2013 755 2080 fin).
782 2012 893 2076 Sponsio
908 2028 970 2063 uero
984 2020 1009 2063 ct
1022 2016 1188 2078 restipulatio

231 2088 298 2135 tanti
308 2087 351 2149 tit,
371 2088 461 2150 quanti
479 2093 553 2135 actor
567 2101 622 2135 eam
640 2100 690 2134 non
710 2085 853 2133 calumniae
873 2098 953 2133 causa
968 2085 1030 2146 fieri
1048 2086 1187 2134 iurauerit.

232 2156 283 2221 (Cf.
297 2156 329 2204 L.
346 2169 365 2208 4.
379 2158 404 2217 ξ.
418 2167 439 2206 4.
459 2157 491 2204 Ι).
502 2156 571 2220 quod
584 2157 610 2204 ui
624 2161 670 2203 aut
683 2155 715 2203 cl.
729 2165 763 2215 44,
778 2165 812 2204 44.
832 2153 909 2203 uerba
925 2151 1022 2217 ‘simpli
1031 2156 1100 2204 litem
1110 2157 1187 2205 aesti-

230 2223 382 2292 mandam’.)
406 2226 500 2276 Postea
519 2226 611 2281 iuderc,
630 2224 701 2286 opud
719 2238 790 2287 quem
804 2225 836 2272 de
850 2239 881 2273 co
899 2239 929 2273 re
946 2226 1048 2289 apitur,
1066 2227 1188 2289 requirit,

231 2312 265 2345 an
275 2310 336 2344 reus
343 2303 435 2345 contra
445 2296 554 2345 edictum
562 2295 694 2356 praetoris
702 2308 753 2343 non
760 2296 905 2344 restituerit
912 2301 959 2343 aut
965 2309 1016 2345 non
1025 2295 1175 2344 exhibuerit
1178 2312 1189 2353 ;

231 2372 256 2414 et
273 2366 298 2413 si
318 2365 456 2413 secundum
479 2371 592 2414 actorem
614 2363 756 2412 iudicatum
779 2366 841 2424 crit,
865 2365 1047 2414 aduersarium
1067 2381 1190 2415 summam

231 2436 378 2499 sponsionis
392 2440 416 2482 et
429 2435 454 2482 si
467 2450 518 2484 non
532 2435 678 2484 restituerit
692 2436 733 2484 uel
742 2450 792 2484 non
802 2433 958 2494 eacbibuerit‚
973 2437 1048 2485 etiam
1057 2438 1189 2486 secutorio

232 2505 330 2554 iudicio
344 2504 506 2565 condemnat,
525 2511 638 2554 actorem
652 2519 716 2555 uero
733 2506 939 2569 restipulationis
952 2504 1077 2562 absoluit‚·
1095 2507 1191 2569 quodsi

230 2576 370 2626 secundum
383 2590 454 2624 reum
473 2577 639 2634 indicauerit,
658 2575 727 2624 bunc
744 2576 891 2639 sponsionis
909 2582 933 2623 et
951 2577 1077 2626 secutarii
1094 2576 1192 2625 iudicii

231 2646 354 2705 absoluit,
373 2653 486 2697 actorem
500 2662 562 2697 uero
576 2647 783 2708 restipulationis
797 2645 955 2695 condemnat.
971 2674 1004 2681 —
1019 2645 1090 2695 Hinc
1107 2645 1192 2695 Gaius

232 2717 268 2767 ad
276 2715 454 2780 prohibitoria
468 2717 608 2766 interdicta
618 2717 755 2766 transitum
764 2717 865 2765 uidetur
874 2715 979 2778 secisse,
994 2717 1031 2765 ita
1042 2718 1192 2780 utprimum

232 2789 264 2837 de
277 2787 436 2851 simplicibus
444 2794 541 2853 aperet,
555 2787 649 2836 deinde
659 2787 691 2835 de
700 2785 854 2850 duplicibus,
869 2786 979 2849 adquae
988 2793 1112 2850 spectant,
1123 2803 1192 2850 quoe

232 2860 293 2921 inp.
304 2869 352 2908 444.
362 2864 518 2908 tractantur.
541 2858 701 2908 Accuratius
710 2872 770 2906 uero
782 2856 844 2920 quid
857 2856 885 2904 in
895 2871 923 2919 p.
934 2866 981 2906 444.
992 2863 1017 2905 et
1025 2867 1074 2907 444.
1092 2857 1194 2907 dictum

229 2929 321 2992 suerit,
335 2930 416 2978 donec
427 2928 584 2991 fortioribus
593 2927 714 2977 remediis
723 2925 845 2976 adhibitis
855 2928 936 2990 pluro
946 2928 1031 2991 tepere
1042 2928 1193 2992 contiperit,
1269 2936 1270 2945 ¹

233 3015 264 3048 ne
275 3001 424 3049 coniectura
433 3000 534 3062 quidem
543 3000 706 3062 aliquatenus
715 2995 848 3060 probabili
857 2996 962 3059 deliniri
971 3002 1065 3059 potest,
1079 3000 1194 3048 maxime

232 3124 256 3186 ἕ.
271 3134 291 3172 4.
313 3122 343 3170 D.
359 3122 428 3186 quod
441 3124 489 3186 lep.
504 3120 549 3188 (44,
563 3118 595 3185 n).
615 3121 647 3170 L.
662 3132 682 3171 4.
698 3121 721 3181 §-
737 3130 769 3170 11.
789 3119 821 3167 D.
833 3119 865 3169 de
878 3118 927 3170 tab.
938 3119 997 3168 emb.
1012 3117 1059 3185 (4.4,
1073 3118 1105 3183 t).
1124 3120 1159 3168 L.
1170 3133 1193 3171 4.

233 3194 305 3254 §.t-t.
325 3191 357 3240 D.
373 3207 404 3240 ne
418 3192 481 3255 quid
494 3193 521 3239 in
536 3194 592 3241 loco
602 3207 631 3255 p.
646 3188 691 3255 (44,
705 3188 738 3256 4).
756 3190 788 3239 L.
804 3202 825 3239 1.
842 3190 865 3251 ξ.
879 3201 914 3240 41.
934 3189 965 3240 L.
979 3200 999 3240 o.
1016 3200 1050 3241 it.
1069 3190 1101 3238 D.
1117 3190 1151 3240 de
1166 3193 1196 3240 ui
1267 3238 1269 3259 1

233 3261 278 3327 (14,
294 3259 338 3327 ns).
358 3260 389 3309 L.
401 3272 434 3312 m.
454 3263 492 3323 ii.
508 3273 589 3314 4-14.
609 3261 641 3311 L.
652 3272 686 3311 ns.
701 3262 723 3323 5.
734 3271 754 3310 s.
770 3259 802 3308 D.
813 3260 882 3324 qnod
894 3261 921 3308 ot
934 3258 1034 3326 (14.44).
1050 3260 1082 3310 L.
1097 3271 1116 3311 s.
1133 3262 1159 3323 9.
1170 3272 1193 3311 4.

233 3332 265 3382 D.
279 3333 310 3381 de
321 3346 427 3394 precor.
441 3330 490 3395 (44,
504 3329 548 3397 itt).
569 3331 600 3380 L.
611 3343 645 3383 64.
665 3331 698 3380 Ι).
712 3332 744 3380 de
758 3332 799 3380 rei
811 3331 881 3379 vind.
897 3331 932 3395 (4,
947 3328 980 3395 1).
1001 3330 1046 3379 cai.
1061 3329 1194 3399 indicium]

234 3402 446 3462 1444144111.
467 3398 573 3451 ‘Gaius'
588 3417 613 3466 p.
629 3413 668 3453 non
682 3415 734 3465 seq.
790 3397 816 3469 ξ.
833 3401 892 3451 itt.
912 3400 951 3464 Cf.
966 3401 990 3469 ξ.
1005 3412 1051 3452 141.
1073 3400 1125 3451 bic.
1138 3417 1196 3465 pro

236 3470 439 3521 obscoenis.
459 3486 510 3534 pra
529 3471 691 3524 Tullioni.
710 3473 747 3521 ad
764 3472 905 3533 dio.t‚21.
930 3469 1109 3530 Quintilli)
1134 3484 1156 3536 4,
1171 3484 1197 3525 t.

233 3539 256 3598 ἓ.
270 3549 291 3587 t.
311 3537 370 3587 Leac
384 3534 463 3588 liubr.
479 3556 501 3590 c.
516 3553 550 3592 44.
