2609 3942
505 232 565 268 3111
584 233 688 269 rusam.
705 216 726 269 i.
744 222 785 270 35.
1069 217 1127 281 181

168 372 268 443 stituit,
291 381 321 427 ut
343 374 365 427 si
379 372 501 429 Latinus
522 374 549 428 in
572 371 640 428 urbe
663 375 781 428 triennio
804 375 947 446 pistrinum
969 376 1129 446 exercuerit,
1212 406 1215 413 ν

169 458 245 526 quod
270 451 317 511 in¹
341 456 398 511 dies
424 456 545 529 singulos
569 473 625 512 non
646 458 735 511 miuus
764 472 844 529 quam
872 466 1000 514 centenos
1022 461 1129 516 modios

168 538 296 596 frumenti
324 533 481 611 pinseret,²
510 539 542 594 ad
565 540 609 596 ius
631 538 776 607 Quiritium
797 544 956 612 perueniret
978 533 1165 618 13—-2

167 640 209 679 vv.
223 622 304 679 1-3
314 654 415 660 -—
429 615 432 700 )
449 619 495 680 85.
509 666 516 678 .
531 616 561 678 ,4
575 624 692 679 maiores
708 624 818 697 triginta
833 638 962 678 annorum
975 627 1129 681 manumissi

167 714 195 761 et
209 703 297 761 latini
312 706 375 762 iacti
392 722 424 763 ea
439 709 520 764 modo
535 709 668 779 postcunt
682 707 723 762 ins
739 704 882 773 Quiritium
898 709 1039 779 consequi,
1054 710 1131 779 quod

167 796 199 845 ut
214 793 294 846 serui
313 791 437 863 tritginta
458 807 589 846 annorum
605 792 832 847 manumittantur
852 794 928 846 iusta
944 807 981 846 ac
1002 794 1128 865 lepitimo

166 877 386 931 manumissione
403 874 439 929 ab
461 890 503 945 eo,
527 878 664 931 3313333
684 878 749 931 iure
764 874 914 943 Quiritium
929 878 994 931 sint.
1030 879 1127 948 itaque

166 957 288 1013 latinus
304 961 308 1024 Ι
325 955 507 1013 manumissus
532 959 649 1015 uindicta
672 967 719 1015 sut
740 973 824 1014 ceusu
845 967 891 1014 aut
912 966 1075 1015 testamento
1100 966 1128 1015 et

167 1042 383 1098 cinisiiomanus
400 1044 404 1108 1
422 1048 449 1098 31
464 1044 525 1098 eius
540 1041 651 1098 libertus
667 1041 708 1114 fit,
724 1044 770 1115 qni
786 1038 1031 1099 331111131333111.5
1061 1059 1127 1116 ergo

240 1180 260 1248 1)
280 1180 320 1232 ‘in
335 1199 384 1247 quo
399 1179 438 1232 in'
455 1186 487 1243 ci.
502 1181 575 1233 Stud.
590 1183 637 1232 sed
654 1186 736 1247 ipsum
746 1186 888 1247 pistrinum
902 1191 940 1234 331
953 1186 1128 1233 centenarium

167 1253 223 1321 (Fr.
240 1253 298 1303 Vat.
311 1253 361 1317 133)
376 1261 400 1303 31
409 1255 444 1318 cf.
455 1262 531 1303 antea
546 1255 901 1317 3133333313...3311333111.
940 1250 961 1317 Ἃ)
975 1252 1048 1312 Quod
1056 1260 1124 1302 ante·

167 1325 236 1374 cedit
244 1324 268 1373 Ιι.
280 1340 302 1373 u.
313 1326 414 1389 31911331
422 1325 532 1387 fuitnep
543 1326 635 1374 omissa
645 1339 659 1372 r
668 1323 713 1389 (=
722 1325 804 1388 popuii
814 1325 880 1373 Rom.
892 1324 927 1387 cf.
939 1323 983 1372 tt.
999 1323 1057 1372 Vat.
1067 1321 1128 1390 133.)

167 1410 202 1443 an
216 1409 309 1444 errare
319 1396 449 1457 positum?
475 1393 565 1458 Suppl.
579 1394 616 1443 St.
636 1396 676 1443 ed.
696 1395 745 1443 Kr.
760 1407 780 1445 1.
796 1411 824 1458 9.
843 1394 923 1444 XXI.
937 1402 1041 1444 secutus
1058 1410 1128 1443 nunc

167 1466 247 1514 omisi.
305 1460 326 1528 8)
344 1464 408 1513 Tres
417 1467 517 1528 primos
531 1465 607 1513 buius
617 1479 680 1529 939.
695 1482 717 1514 a.
728 1480 774 1514 neo
788 1464 861 1516 Stud.
872 1467 957 1530 139313
966 1467 1053 1527 931311
1071 1465 1126 1529 (3.3-

168 1540 242 1595 cepta
259 1549 289 1581 a:
311 1531 464 1599 (cou?)seqni
482 1537 509 1582 in
528 1550 551 1582 3.
570 1546 591 1584 3.
609 1534 838 1599 3311383991).
874 1534 944 1594 Quae
963 1550 1126 1585 33133333-

169 1602 303 1666 quentibus
316 1617 339 1649 3.
350 1614 364 1651 3
374 1639 379 1650 .
391 1638 396 1649 .
409 1640 414 1649 .
426 1614 451 1652 13
461 1605 560 1665 passim
569 1606 719 1666 expiscatus
728 1612 773 1663 est,
780 1613 910 1668 postremo
920 1608 995 1654 etiam
1005 1608 1126 1655 continuo

169 1673 239 1736 lepit,
249 1670 371 1733 probant,
386 1671 450 1719 11333
464 1674 556 1731 amnia,
571 1679 599 1719 ut
613 1674 688 1720 etiam
702 1673 840 1738 Krsiperus
854 1673 934 1739 (Krit.
948 1673 1125 1740 Beitr.p.114)

169 1742 277 1795 iudicat.
286 1740 322 1788 ad
328 1741 489 1789 iterationem
494 1742 662 1803 pertinuisse,
669 1743 736 1789 unde
744 1758 812 1790 nunc
820 1745 950 1792 conticere
956 1746 1025 1801 licet,
1036 1743 1126 1791 Gaium

169 1815 196 1861 in
206 1828 228 1860 3.
240 1824 252 1860 1
264 1847 269 1859 .
282 1847 287 1859 .
300 1847 305 1858 .
316 1821 329 1861 3
340 1810 400 1873 fere
409 1811 517 1868 dixisse,
531 1810 653 1859 Latinam
662 1813 743 1860 salam
752 1813 828 1859 etiam
841 1819 882 1860 ter
898 1814 1000 1861 enixam
1009 1828 1044 1860 eac
1052 1812 1126 1869 scta,

168 1897 264 1933 omnem
278 1881 401 1930 Latinum
415 1879 536 1943 beneficia
547 1881 698 1944 principali
711 1883 752 1930 ius
769 1879 814 1940 Qu.
825 1883 938 1944 consequi
945 1896 1031 1944 posse,
1047 1899 1063 1931 a
1078 1899 1126 1946 quo

167 1954 203 2002 ad
213 1954 382 2010 iterationem,
393 1967 444 2016 pua
454 1953 508 2014 ipse
513 1958 643 2014 patronus
652 1952 701 2001 1133
708 1950 855 2015 beneficium
865 1950 963 2010 tribuit,
970 1952 1061 2015 facilis
1070 1960 1127 2002 erat

167 2026 302 2085 transitus,
317 2024 385 2072 33131
398 2022 439 2071 bis
452 2020 537 2071 uerbis
551 2023 626 2072 initia
641 2023 663 2083 ἓ.
676 2034 714 2074 85:
732 2018 784 2071 ‘At
798 2023 854 2085 ipsa
865 2019 1001 2085 patrona'.
1039 2020 1061 2086 ‘)
1077 2021 1126 2072 Re·

166 2096 266 2143 stitutio
285 2092 362 2142 buius
384 2094 432 2155 §.i,
456 2095 530 2142 ouius
548 2091 640 2156 ubique
658 2093 738 2156 spatii
756 2100 781 2141 et
798 2095 944 2142 litterarum
962 2087 1008 2141 V⁸²
1025 2094 1127 2143 ratione

166 2165 255 2214 habita
274 2166 301 2212 in
320 2164 360 2212 ed.
379 2175 400 2213 4.
416 2164 562 2226 periculum
578 2163 706 2226 feceram,
729 2165 833 2213 multum
853 2163 1019 2227 discrepabat
1036 2162 1068 2212 ab
1087 2179 1126 2222 ea,

168 2251 242 2299 quam
260 2234 399 2299 Krsiperus
416 2235 432 2281 l.
449 2248 471 2282 c.
491 2235 662 2298 excapitavit,
681 2240 709 2281 ut
722 2235 777 2283 alia
795 2242 900 2290 taceam,
919 2235 970 2283 iam
984 2250 1013 2284 eo
1033 2236 1125 2299 impro-

168 2304 284 2362 babilem,
302 2304 371 2367 quad
389 2310 481 2353 cantra
499 2305 624 2353 rationem
643 2305 712 2352 iuris
729 2311 753 2353 et
771 2304 876 2368 Ulpiani
888 2306 1067 2355 auctoritatem
1081 2320 1126 2355 no-

168 2391 225 2423 uum
239 2389 271 2423 ac
285 2375 376 2422 mirum
391 2374 510 2439 13313913
524 2372 615 2423 Α31133
628 2371 732 2423 Sentias
747 2375 856 2434 inducit,
875 2383 900 2424 et
918 2377 992 2425 circa
1003 2377 1079 2437 finem
1094 2375 1125 2424 ab

168 2445 216 2494 boc
231 2446 287 2495 loco
297 2445 377 2507 plane
391 2446 477 2492 aliena
487 2445 518 2493 de
528 2451 686 2507 patronatus
695 2447 752 2494 iure
764 2445 829 2495 Gaio
839 2444 960 2495 obtrudit.
986 2443 1040 2495 Sed
1048 2462 1124 2504 nunc,

168 2514 213 2564 ubi
224 2513 314 2577 Suppl.
329 2512 368 2564 St.
377 2530 406 2577 p.
426 2514 502 2562 XXI
510 2516 617 2565 meliora
631 2515 765 2574 dederunt,
784 2523 809 2564 et
823 2517 877 2578 ipse
892 2518 919 2564 in
933 2518 1019 2565 multis
1032 2516 1065 2565 ab
1079 2517 1125 2564 illa

168 2585 302 2635 discedere
320 2599 412 2649 33931,
435 2592 460 2634 31
478 2588 587 2634 maxime
605 2586 705 2648 quidem
724 2587 774 2634 iam
793 2586 820 2634 in
839 2601 881 2642 ea,
902 2586 971 2650 quod
988 2588 1024 2647 §.i
1041 2588 1125 2644 initio,

168 2656 288 2719 deceptus
299 2656 379 2718 falsa,
399 2656 438 2703 uti
455 2672 523 2705 nuno
537 2662 655 2718 apparet,
669 2657 762 2717 priore
780 2652 848 2703 Seli
864 2657 971 2705 lectione
991 2655 1069 2720 (uelut
1087 2655 1126 2705 bis

170 2722 329 2775 ‘Latinorum’
343 2741 395 2788 pro
411 2722 559 2785 ‘annorum’,
574 2721 721 2774 ‘consilium’
734 2740 786 2787 pro
802 2721 937 2788 ‘consequi’
951 2725 1018 2792 eto),
1034 2726 1125 2775 Gaium

168 2798 244 2845 etiam
262 2798 388 2846 minorum
405 2795 492 2844 XXX
506 2812 566 2845 ann.
585 2796 796 2844 manumissorum
810 2796 934 2844 rationem
947 2795 1067 2846 babuisse
1077 2811 1124 2859 pa·

168 2881 285 2916 sueram:
298 2865 367 2930 quad
375 2866 476 2916 omnino
487 2865 610 2915 credibile
620 2866 728 2929 quidem,
744 2864 790 2930 (cf.
802 2865 956 2914 1333331.
968 2878 1000 2916 14.
1011 2873 1036 2914 et
1044 2881 1126 2928 supra

169 2939 192 2998 ξ.
203 2948 229 2987 11
242 2938 270 2985 in
284 2937 363 3000 nota),
378 2937 425 2985 sed
437 2952 471 2985 an
487 2937 586 2999 factum
600 2937 642 2994 sit,
662 2951 730 2985 nunc
748 2937 858 2984 maxime
876 2937 933 2986 coll.
953 2934 1008 2997 lllp.
1023 2947 1043 2993 3,
1058 2948 1078 2985 a.
1098 2936 1126 2983 in

166 3007 246 3057 dubio
255 3007 458 3071 relinquendum.
478 3014 505 3056 at
512 3008 601 3069 potius
611 3006 754 3071 nepandum
764 3013 808 3055 est.
840 3004 910 3065 Quae
919 3021 988 3054 nuno
997 3020 1125 3067 propono,

168 3079 196 3127 in
211 3076 326 3127 omnibus
341 3077 401 3140 sere
414 3079 511 3140 peritis
528 3077 700 3140 satisfactura
718 3091 773 3125 esse
792 3076 899 3139 confido,
918 3077 993 3125 etiam
1004 3089 1072 3137 prae
1085 3074 1124 3124 ed.

168 3147 218 3196 Kr.
233 3149 504 3212 1.,9333313333333
518 3150 616 3211 partim
630 3149 717 3196 aliena
736 3147 854 3206 intrudit,
869 3148 967 3209 partim
985 3145 1072 3194 biatus
1086 3147 1125 3194 in·

167 3220 284 3282 expletos
292 3221 425 3282 relinquit,
435 3219 533 3281 partim
542 3224 613 3267 recte
626 3218 725 3267 tradita
735 3223 843 3267 attentat
851 3218 891 3264 uel
900 3216 999 3265 omittit.
1037 3212 1058 3280 Ι1)
1072 3215 1126 3265 Η13

168 3304 231 3339 usus
249 3289 370 3353 loquendi
388 3296 479 3339 cantra
496 3288 556 3339 Cad.
571 3290 750 3338 auctoritatem
764 3289 814 3336 iam
828 3293 889 3350 past
908 3284 952 3333 lt.
972 3285 1082 3336 Vatum
1097 3288 1125 3334 13

238 3408 265 3481 ἦ.
280 3414 322 3463 35.
344 3412 381 3475 Of.
397 3411 452 3475 Uip.
462 3422 483 3468 a,
493 3424 513 3461 3.
534 3423 555 3469 1,
566 3422 599 3462 ts.
621 3409 664 3458 11,
680 3410 738 3459 Vae.
750 3419 796 3460 111.
816 3408 918 3472 119111,
932 3420 953 3467 1,
967 3420 987 3458 1.
1009 3408 1052 3457 tt,
1063 3409 1124 3458 Das.

166 3482 295 3617 3²·quth
315 3498 354 3546 ep.
369 3494 390 3543 t,
404 3494 438 3533 13.
467 3480 547 3531 Tacit.
562 3481 595 3529 Α.
616 3492 699 3539 1311.
722 3480 837 3529 bonorum
856 3474 992 3547 possessio]
1013 3477 1050 3542 Os.
1064 3491 1085 3537 1,
1100 3489 1126 3528 33
