2609 3942
181 184 243 250 184
487 195 546 231 om
564 194 664 230 nusum.
683 176 704 233 Ι,
722 180 830 229 44-46.

181 348 209 398 et
229 339 290 394 ideo
312 335 422 392 liberam
443 334 524 391 habet
541 341 704 408 potestatem
722 332 936 388 manumittendi.
973 328 1022 390 44
1037 335 1075 389 Ac
1090 349 1141 389 nee

181 423 212 478 ad
229 438 277 477 eos
292 420 399 494 quidem
416 419 525 475 omnino
541 418 606 474 haec
625 417 669 472 lex
684 417 812 490 pertinet,
833 418 877 488 qui
899 417 957 472 sine
978 423 1140 474 testamento

180 498 395 562 manumittunt.¹
420 503 511 575 itaque
527 501 590 557 lieet
605 502 647 570 iis,
665 501 710 573 qui
723 497 839 555 uindicta
855 506 902 554 aut
916 515 999 555 censu
1011 506 1057 555 aut
1068 500 1140 554 inter

182 591 281 645 amieos
297 588 497 651 manumittunt,
507 593 598 641 ¹totam
611 583 737 639 familiam
748 576 846 637 ἰιιιιιιι2
857 581 982 654 liberare,
997 582 1101 638 scilieet
1116 584 1140 637 si

183 673 232 729 alia
248 688 327 730 cansa
343 687 398 726 non
412 669 530 744 inpediat
544 667 708 724 libertatem.
750 662 797 721 45.
814 664 866 721 Sed
882 666 955 738 quod
977 666 1010 721 de
1025 682 1139 722 numero

182 772 322 812 seruorum
339 761 501 810 testamento
517 749 789 807 manumitteudorum
804 748 929 820 diximus,
945 751 981 805 ita
997 749 1139 823 intellege·

182 857 251 909 mus,
267 855 300 894 ne
317 852 433 909 unquam
449 850 529 890 exeo
545 851 669 906 numero,
685 849 717 889 ex
732 849 786 906 quo
802 832 908 888 dimidia
931 841 978 887 aut
999 833 1077 887 tertia
1092 839 1139 888 ant

183 928 276 995 quarta
292 928 338 976 aut
359 921 450 991 quinta
471 934 533 991 pars
547 917 652 973 liberari
668 925 773 990 potest,
790 916 930 991 pauciores
946 918 1139 972 manumittere

182 1005 261 1060 liceat
276 996 374 1075 (priam³
390 1017 421 1057 ex
437 1000 605 1056 antecedenti
621 1016 733 1056 numero
753 1000 839 1058 licuit.
868 1008 899 1055 et*
910 999 963 1077 hoa
976 1001 1033 1071 ipsa
1045 992 1139 1072 .'iepe⁴

176 1087 325 1158 prouisum
341 1094 397 1141 est:
420 1093 477 1140 erat
500 1086 569 1140 enim
587 1099 652 1139 saue
674 1082 830 1155 absurdum,
852 1090 883 1138 ut
896 1101 918 1139 x
935 1098 1074 1138 seruorum
1090 1083 1137 1137 do-

182 1170 255 1224 mino
271 1170 391 1242 quinque
406 1167 520 1223 liberare
535 1167 640 1237 liceret,
664 1168 726 1240 quia
742 1182 828 1240 usque
840 1166 871 1222 ad
887 1166 1020 1222 dimidiam
1035 1174 1138 1239 partem

182 1253 240 1308 eins
257 1254 361 1308 numeri
382 1252 568 1308 manumittere
589 1253 613 1307 ei
636 1250 804 1321 conceditur,
826 1252 942 1306 ulterius
963 1243 1071 1305 antem⁵
1092 1267 1138 1307 111

182 1352 278 1392 seruos
293 1336 401 1393 habenti
416 1351 471 1390 non
487 1335 579 1408 piures
598 1335 693 1390 iieeret
714 1337 903 1390 manumittere
924 1351 1001 1406 qnam
1016 1348 1081 1396 1111;
1102 1331 1139 1389 'at

129 1439 168 1487 12.
183 1413 249 1488 eis‚⁶
271 1421 317 1492 qui
337 1419 429 1493 piures
450 1435 529 1490 quam
544 1437 565 1475 x
580 1435 668 1491 neque
684 1410 689 1496 Ι
707 1418 816 1489 ’plures
830 1436 915 1490 quam
936 1426 1003 1468 aar
1022 1418 1138 1489 nabent,

183 1505 281 1559 eadem
298 1507 410 1559 ratione
425 1505 523 1574 utique
538 1506 621 1558 etiam
643 1506 778 1574 quinque,
800 1508 868 1573 quot
882 1509 906 1550 Χ
918 1501 1036 1557 nubenti
1048 1504 1139 1570 licuit,

181 1588 380 1642 manumittere
393 1578 485 1641 lieet.⁷

256 1715 275 1783 ¹)
292 1720 501 1767 manumittuntur
520 1718 546 1767 V
548 1714 575 1766 ¹⁸.
627 1714 648 1784 ²)
663 1718 712 1767 Kr.
722 1718 786 1769 eda
801 1723 828 1766 ui
839 1719 966 1785 piassema
974 1712 1062 1785 eiecit.
1082 1733 1139 1766 snos

182 1802 202 1848 1,
217 1799 243 1841 ts
257 1790 365 1838 retinuit
378 1791 454 1838 etiam
469 1797 561 1839 eontra
574 1787 638 1837 Inst.
655 1788 729 1841 codd.
744 1788 795 1837 aid.
810 1789 886 1836 etiam
896 1800 917 1845 1,
928 1797 955 1839 m
968 1789 1066 1851 aliique
1079 1790 1139 1838 ieet.

184 1855 205 1923 ⁸)
219 1857 265 1908 Sic
279 1876 347 1909 nune
365 1859 455 1909 Gdseit.
465 1859 575 1910 selredus
584 1859 796 1922 interpretandae
809 1865 875 1906 sunt.
921 1855 943 1923 ⁴)
959 1853 1083 1907 ‘ratione'
1099 1859 1139 1907 ed.

183 1930 273 1979 Palen.
285 1931 401 1993 fortasse
414 1937 485 1980 reate
499 1931 534 1992 ef.
550 1929 625 1978 Paul.
641 1941 661 1986 e,
677 1941 732 1987 1,1.
795 1925 816 1992 Β)
829 1927 875 1976 Eae
888 1927 993 1978 Lasiam.
1008 1930 1041 1991 ej.
1061 1926 1140 1993 (Mihi

183 2007 265 2049 tamen
275 2002 306 2058 is,
317 2002 362 2064 qui
370 2016 451 2063 supra
462 2015 516 2049 uae.
526 1997 687 2060 coneedit(ur)
700 2004 796 2046 tantum
806 1998 880 2047 terius
890 2006 914 2047 at
922 2000 1038 2061 scripsit,
1047 2000 1141 2063 lepisse

182 2070 284 2119 uidetur
298 2067 452 2132 coneedit'ni)
468 2065 571 2117 ‘eontra
585 2064 659 2116 uero’
679 2068 719 2115 ed.
729 2064 778 2132 Bp.
795 2064 907 2118 ‘damino
921 2065 995 2118 uero'
1011 2069 1051 2117 ed.
1064 2067 1139 2118 Stud.

183 2138 204 2206 ⁰)
220 2143 277 2189 item
292 2140 327 2186 eis
337 2140 377 2187 ed.
387 2136 461 2186 Sina.
472 2136 563 2185 Malim
576 2136 597 2185 ei
607 2138 713 2200 praeis.
766 2134 786 2201 π)
800 2136 955 2187 Sententiam
969 2139 1140 2202 aliquomodo

178 2211 291 2273 perfeci.
302 2234 335 2244 -
346 2207 391 2256 Ex
400 2209 454 2256 tota
460 2222 488 2270 p.
500 2218 533 2257 ta.
552 2205 687 2256 Biultmius
695 2214 792 2256 tantum
801 2209 872 2272 isque
880 2224 969 2272 pauca
979 2212 1102 2267 enotauit,
1112 2211 1139 2257 in

183 2296 206 2327 u.
218 2290 252 2328 12.
262 2289 296 2327 18.
306 2289 340 2328 18.
350 2289 394 2335 19„
409 2277 477 2325 unde
486 2291 561 2326 uoces
574 2276 672 2326 liberari
682 2276 715 2343 (a.
726 2277 772 2339 18.)
781 2285 807 2327 et
819 2278 935 2328 concedat
945 2278 978 2342 (a.
988 2278 1034 2345 19.)
1044 2281 1071 2327 in
1081 2279 1139 2328 edd.

184 2353 303 2409 receptae
310 2354 376 2396 sunt.
398 2346 1002 2411 Conferendaautemestaciemquaeperierunt,
1013 2349 1139 2412 Gaiiepit.

183 2429 204 2477 1,
212 2428 232 2467 2.
241 2418 279 2478 §i-
286 2428 355 2466 2-4.
369 2413 447 2465 ‘Nem
454 2418 479 2466 si
485 2419 581 2482 aliquis
588 2425 735 2468 testamento
738 2420 830 2482 plures
837 2421 1012 2469 manumittere
1020 2422 1139 2479 uetuerit,

185 2503 258 2552 paam
268 2493 328 2550 quot
337 2489 800 2552 eontinetnumerussupraseriptus,
814 2488 879 2538 ordo
892 2491 1039 2539 seruandus
1047 2498 1099 2540 eat:
1113 2498 1142 2539 ut

183 2559 238 2607 iilis
247 2564 344 2606 tantum
353 2557 459 2607 libertas
468 2560 563 2618 ualeat,
574 2561 619 2623 qui
624 2561 703 2622 prius
709 2560 858 2609 manumissi
864 2567 932 2617 sunt,
941 2576 1020 2625 usque
1027 2562 1063 2610 ad
1068 2563 1139 2609 ilium

184 2643 322 2687 numerum,
333 2644 404 2692 quem
411 2631 562 2692 explanatio
569 2632 683 2680 eontinet
690 2631 811 2693 superius
820 2630 1016 2693 comprehensa:
1025 2634 1070 2696 qui
1077 2647 1140 2681 uero

180 2705 272 2763 pastea
280 2713 362 2762 supra
371 2702 534 2751 constitutum
543 2715 675 2749 numerum
683 2702 831 2750 manumissi
840 2703 968 2765 lepuntur,
979 2703 1005 2750 in
1014 2704 1140 2751 seruitute

184 2784 227 2819 eos
237 2775 333 2818 eertum
342 2777 380 2819 est
387 2785 547 2834 permanere.
575 2769 673 2830 Quodsi
681 2786 732 2820 non
742 2772 889 2820 nominatim
897 2774 970 2821 seraa
978 2774 1019 2820 uel
1027 2773 1141 2822 ancillae

185 2843 211 2889 in
226 2846 373 2890 testamento
386 2843 605 2898 manumittantur,
623 2841 671 2890 sed
687 2842 794 2903 confuse
812 2856 897 2891 omnes
913 2856 1005 2890 seruos
1020 2856 1081 2891 auos
1099 2844 1141 2891 uei

184 2912 295 2960 ancillas
309 2912 332 2960 is
346 2912 390 2975 qui
403 2918 576 2961 testamentum
583 2910 661 2973 feeit,
676 2909 770 2961 liberas
780 2912 872 2974 faeere
882 2913 1002 2969 uoluerit,
1016 2913 1083 2960 nulli
1092 2927 1140 2974 pe-

184 2983 254 3030 nitus
264 2982 341 3045 firma
350 2996 405 3031 ease
420 2981 521 3030 iubetur
535 2981 584 3030 itae
594 2979 687 3029 ordine
696 2981 758 3030 data
772 2981 886 3038 libertas,
899 2982 946 3031 sed
954 2995 1039 3031 amnes
1048 2982 1075 3030 in
1084 2997 1141 3031 ser-

184 3053 233 3101 uiti
242 3052 396 3101 condicione
410 3054 455 3114 qui
468 3051 516 3100 noe
525 3051 618 3099 ordine
627 3052 776 3100 manumissi
788 3058 855 3111 sunt,
866 3051 1059 3114 permanebunt.
1082 3068 1141 3101 nam

184 3124 233 3171 etsi
251 3124 288 3171 ita
307 3123 334 3169 in
354 3127 500 3170 testamento
517 3134 653 3169 seruorum
672 3123 833 3171 manumissio
852 3122 986 3186 adscripta
997 3123 1094 3186 suerit,
1112 3123 1142 3172 id

184 3194 258 3240 estin
269 3193 377 3248 circula,
391 3198 419 3240 at
435 3191 479 3254 qui
487 3191 575 3253 prior,
589 3193 635 3254 qui
643 3193 776 3254 posterior
786 3194 930 3241 nominatus
944 3193 985 3250 sit,
1000 3208 1051 3242 non
1057 3195 1141 3255 possit

184 3263 301 3326 apnosai,
315 3262 382 3309 nulli
395 3275 429 3309 ea
443 3261 484 3309 itis
497 3259 639 3309 libertatem
653 3263 742 3311 ualere
755 3262 917 3326 manifestum
931 3268 977 3320 est,
995 3264 1020 3312 ai
1033 3265 1142 3328 apnasei

185 3346 236 3380 non
251 3338 344 3395 pateat,
364 3332 408 3395 qui
421 3333 508 3393 prior,
527 3332 572 3394 qui
585 3332 719 3394 posterior
734 3333 818 3396 fuerit
830 3333 1007 3382 manumissus.
1039 3346 1059 3384 s.
1076 3332 1141 3382 Nam

183 3402 208 3450 si
221 3403 317 3466 aliquis
331 3402 358 3449 in
373 3400 536 3466 aspritudine
546 3403 700 3451 constitutus
709 3404 736 3451 in
747 3403 869 3467 fraudem
883 3402 960 3452 leuius
974 3405 1039 3469 lepis
1049 3404 1142 3467 faeere
1158 3402 1160 3405 ’

255 3519 280 3591 ξ.
295 3525 337 3573 44.
359 3522 397 3585 Of.
413 3522 520 3588 Dionys.
534 3535 556 3582 a,
570 3535 604 3575 aa.
