2609 3942
10 1558 12 1589 l

10 1594 11 1619 l

429 255 490 291 ean
508 256 610 293 marin.
627 239 675 293 tv.
693 245 801 295 ao-tt.
1032 241 1094 306 355

140 400 228 471 captio
250 397 399 471 publicanis
422 397 595 471 uectigalium
615 397 785 472 publicorum
803 398 896 472 populi
916 396 1027 454 Romani
1048 399 1093 454 ad·

138 498 235 537 uersus
258 498 322 554 eos,
350 483 395 555 qui
424 480 519 554 aliqua
543 481 604 555 lege
630 481 774 556 uectigalia
801 482 939 540 deberent.
981 477 1028 541 29.
1056 482 1093 538 Ex

139 565 262 623 omnibus
285 572 374 622 antem
395 567 454 621 istis
477 567 564 621 causis
586 568 668 622 certis
691 567 780 622 uerbis
807 567 907 641 pignus
930 564 1092 639 capiebatur,

138 659 166 706 et
181 650 216 706 ob
231 650 258 706 id
273 649 409 724 plerisque
424 648 554 722 placebat,
572 650 638 706 banc
653 666 763 723 quoque
778 653 911 707 actionem
926 650 997 724 legis
1012 653 1094 706 actio·

138 751 201 791 nem
217 751 292 801 essc3
315 733 473 808 quibusdam
495 742 585 790 autem
606 734 743 807 placebat,
766 732 856 808 '(lepis
875 738 1016 792 actionem
1034 752 1094 792 non

139 812 240 893 eoce,)¹
255 820 370 892 primum
386 817 457 891 quod
477 818 597 891 pignoris
613 819 703 890 captio
717 826 792 874 extra
806 821 847 873 ius
862 818 1051 892 peragebatur,
1067 818 1092 874 id

140 911 252 958 estnon
268 903 342 976 apud
354 909 517 976 praetorem,
532 901 693 975 plerumque
708 903 789 957 etiam
800 902 910 958 absente
925 903 1092 973 aduersario,

139 1003 200 1042 cum
215 987 333 1058 alioquin
353 987 451 1041 ceteris
471 983 621 1041 actionibus
635 1002 690 1042 uon
711 986 788 1042 aliter
807 988 846 1041 uti
865 986 959 1060 ’ipuisl
978 979 1094 1061 posset²

139 1087 219 1143 quam
240 1072 315 1143 apud
332 1077 483 1142 praetorem
505 1080 647 1142 praesente
666 1071 835 1140 aduersari03
861 1080 998 1143 praeterea
1019 1071 1092 1144 quod

138 1154 244 1210 nelaeto
260 1169 369 1227 quoque
383 1153 438 1224 die,
452 1153 479 1209 id
494 1162 544 1224 est,
561 1171 615 1228 quo
627 1172 683 1211 non
697 1154 795 1212 licebat
809 1155 872 1228 lege
885 1171 977 1229 agere,
992 1157 1092 1229 pignus

138 1240 197 1312 capi
213 1246 328 1310 poterat.

200 1317 252 1378 30.
276 1321 324 1377 Set
351 1323 419 1377 istae
441 1338 536 1377 omnes
563 1322 632 1395 legis
655 1322 775 1378 actiones
800 1320 929 1394 paulatim
947 1323 976 1376 in
1000 1320 1091 1376 odium

139 1412 287 1462 uenerunt:
308 1421 426 1477 namque
441 1421 472 1460 ex
487 1406 567 1459 nimia
578 1404 728 1459 subtilitate
743 1412 876 1476 ueterum,
892 1406 939 1478 qui
954 1413 1020 1460 tunc
1033 1406 1092 1460 iura

137 1488 325 1558 condiderunt,
341 1504 373 1543 eo
389 1504 433 1543 res
447 1487 575 1560 perducta
586 1495 637 1558 est,
652 1497 684 1542 ut
697 1487 742 1543 uel
753 1489 799 1559 qui
814 1489 951 1545 minimum
964 1497 1091 1560 errasset,

136 1575 212 1629 litem
228 1571 369 1646 perderet3
386 1573 478 1645 ltaque
493 1587 542 1643 per
556 1569 644 1644 legem
656 1570 799 1627 Aebutiam
811 1580 838 1627 et
853 1571 919 1628 duas
934 1572 1013 1628 iulias
1029 1570 1092 1627 sub·

139 1657 208 1713 latae
223 1663 288 1712 sunt
301 1657 370 1712 istac
385 1655 454 1728 legis
469 1653 590 1710 actiones
601 1653 779 1727 effectumque
791 1663 841 1717 est,
857 1664 888 1711 ut
902 1673 951 1729 per
962 1664 1091 1728 concepta

10 1730 12 1827 l
72 1751 125 1804 tna}
138 1741 232 1814 uerba,
252 1740 280 1796 ld
295 1747 337 1796 est
351 1756 400 1813 per
415 1735 545 1794 formulas
559 1737 737 1811 litigaremua.
781 1734 826 1794 31.
849 1739 963 1794 'lantum
978 1754 1011 1794 ea
1025 1738 1090 1794 dua-

139 1824 189 1880 bus
212 1827 299 1886 causis
322 1824 482 1897 permissum
505 1814 567 1877 est³
587 1821 649 1895 lege
672 1835 770 1895 agere,
796 1822 884 1878 damni
906 1821 997 1878 inlecti
1020 1822 1092 1876 etsi

138 1908 332 1965 centumuirale
355 1907 481 1964 iudicium
502 1905 624 1963 luterum
647 1913 652 1968 t
676 1913 733 1974 est3
756 1920 873 1976 saneque
894 1922 955 1963 cum
977 1905 1010 1961 ad
1031 1921 1093 1961 cen·

139 1996 271 2050 tumuiros
293 1994 363 2069 itur,
386 1998 448 2048 ante
470 1990 531 2065 lege
553 1991 644 2063 agitur
658 1997 825 2047 sacramento
848 1992 922 2063 apud
940 1997 1093 2063 praetorem

140 2076 269 2134 urbanum
284 2076 329 2132 uel
351 2077 526 2150 peregrinum
546 2075 608 2149 ’pro
627 2066 694 2143 re34
713 2074 802 2129 damni
815 2089 883 2129 uero
903 2073 995 2129 inlecti
1012 2087 1092 2129 nemo

137 2161 199 2218 uult
218 2162 280 2234 lege
301 2177 396 2234 agere,
420 2168 462 2216 set
480 2160 572 2233 potius
595 2158 780 2233 stipulatione,
802 2173 870 2230 quae
886 2159 913 2213 in
927 2156 1015 2213 edicto
1030 2172 1093 2230 pro·

137 2245 228 2321 posita
250 2252 305 2317 est,
334 2243 436 2315 obligat
461 2244 642 2299 aduersarium
670 2243 773 2312 ’suum,
801 2235 903 2315 idque⁵
926 2249 954 2297 et
975 2256 1092 2297 commo·

136 2330 199 2383 ‹lius
220 2329 262 2381 ina
285 2335 312 2381 et
334 2326 439 2398 plenius
461 2333 513 2380 eat.
555 2342 604 2398 per
631 2328 754 2399 pignoris
771 2318 805 2403 Π

135 2491 350 2502 ...---—-

212 2542 233 2610 1)
255 2542 413 2594 Gaiaobennrn
436 2542 496 2604 fere
523 2547 625 2591 secutus
650 2542 781 2603 suppleat:
809 2542 922 2604 fortasse
949 2543 1095 2592 addendam

138 2623 210 2666 erat:
238 2611 357 2678 ‘ideoque
379 2613 428 2663 noe
447 2608 588 2676 placebat'.
616 2609 689 2674 (non)
712 2612 752 2659 cel
771 2609 884 2676 (eontra)
906 2612 1014 2674 placebat
1036 2614 1095 2663 edd.

140 2683 163 2751 ¹)
177 2692 278 2749 possent
288 2687 429 2747 pleraeque
443 2683 500 2732 edd.
515 2689 540 2731 et
553 2695 608 2731 ntea
622 2694 641 2732 1.
671 2680 746 2729 Nunc
762 2682 790 2728 in
805 2682 857 2743 fine
870 2696 960 2730 nerana
975 2677 1006 2748 cis
1020 2685 1095 2733 ontio·

138 2773 193 2806 aum
211 2770 267 2805 ease
284 2756 372 2804 statui.
446 2749 467 2816 ⁸)
487 2753 512 2803 G.
531 2754 637 2801 inserit:
656 2752 680 2800 itl
699 2751 758 2813 legis
773 2751 890 2799 actionem
904 2751 996 2814 lacere,
1013 2754 1096 2801 marei·

136 2828 231 2890 feature
247 2828 374 2891 pioecema
393 2823 428 2886 (it
447 2845 481 2866 ε
499 2823 525 2872 id
545 2821 605 2887 est),
633 2822 703 2888 quod
724 2822 782 2884 qnia
799 2822 1033 2884 superaeripaerat,
1051 2822 1097 2884 qui

140 2895 218 2947 cerba
232 2897 284 2958 lege
298 2909 368 2958 agere
382 2893 414 2943 de
424 2896 481 2943 iure
491 2893 588 2944 iudicio
598 2892 777 2957 persequendo
787 2892 889 2942 omnino
903 2893 1097 2957 inteliipipoaae

139 2968 283 3018 verebatur.
334 2961 357 3031 ¹²)
371 2979 400 3027 pr
415 2964 442 3016 θ.
462 2961 620 3031 [praetorem]
639 2965 677 3014 ed.
695 2962 769 3013 Stoa.
825 2960 846 3027 ⁵)
860 2961 906 3011 En
924 2958 980 3021 W,
999 2964 1026 3010 in
1047 2976 1096 3025 qao

140 3045 223 3089 tomen
233 3052 285 3101 pro
299 3036 370 3100 idque
385 3041 423 3085 eat
436 3036 493 3098 itat’p.
557 3032 579 3102 ⁶)
593 3034 625 3084 In
639 3035 689 3084 boo
699 3050 771 3098 pap,
786 3049 851 3097 quae
865 3035 966 3083 omnino
980 3034 1033 3099 lepi
1046 3047 1096 3081 non

136 3110 231 3173 potuit,
248 3107 329 3157 Gaius
343 3106 444 3155 amicae
457 3106 568 3165 videtur,
577 3121 628 3168 per
638 3106 761 3170 pipnoria
772 3119 870 3168 quoque
880 3106 1011 3167 cepionem
1021 3103 1096 3167 (quoe

141 3195 175 3228 an
191 3180 256 3244 lepia
269 3178 339 3227 actio
353 3183 426 3234 esset,
441 3175 608 3226 dubitabatur
622 3178 644 3238 5.
659 3173 695 3240 29)
710 3176 738 3223 in
756 3174 798 3223 bia
811 3176 910 3237 anneis,
928 3190 994 3239 quae
1007 3174 1043 3222 ad
1056 3175 1097 3223 ius

140 3264 245 3299 socrum
262 3249 425 3312 pertinerent
443 3246 478 3311 (ξ.
497 3244 546 3312 28),
565 3247 690 3296 actionem
707 3243 832 3293 sublatam
851 3246 952 3308 quidem
965 3245 1098 3308 plerisque

141 3335 192 3371 non
211 3320 297 3370 uideri
315 3317 379 3384 (eine
398 3318 466 3383 quod
484 3318 510 3366 in
530 3319 584 3382 lepe
598 3316 709 3365 Aebutia
723 3321 748 3364 et
761 3313 860 3363 duobus
873 3314 951 3364 Iuliis
964 3321 1097 3378 oxomum

211 3440 235 3511 ὃ.
253 3445 294 3494 29.
315 3442 354 3505 Of.
374 3440 462 3491 Varro
476 3441 508 3489 de
522 3439 554 3489 L.
565 3439 596 3487 L.
607 3451 628 3502 o,
642 3450 664 3500 t,
680 3450 699 3490 t.
719 3439 843 3500 §banaa
864 3436 936 3490 Ouid.
953 3438 1021 3490 Fan.
1031 3450 1052 3501 1,
1060 3451 1095 3492 tt.

139 3514 258 3565 Maerob.
273 3512 326 3563 Sat.
341 3524 361 3574 1,
376 3522 409 3563 rc.
460 3506 485 3578 ξ.
501 3512 543 3560 30.
565 3510 603 3573 Cf.
619 3522 639 3570 ι,
653 3521 701 3560 aaa.
715 3521 737 3571 ι,
747 3521 780 3560 ιι.
802 3508 865 3561 Gett.
880 3522 915 3575 ιι,
929 3524 962 3564 ιο.
1012 3506 1038 3579 ἕ.
1053 3511 1095 3561 31.

141 3586 180 3650 Of.
197 3587 220 3647 §-
235 3594 269 3637 at.
291 3583 354 3633 Gett.
369 3594 403 3645 ta,
419 3593 451 3632 ιο.
474 3581 525 3632 Oia.
536 3595 588 3644 pro
604 3581 676 3634 Coeo.
692 3592 726 3633 aa.
741 3582 764 3642 ξ.
778 3592 813 3633 et.

845 3664 898 3719 23*
