2609 3942
196 193 259 257 406
473 208 651 244 nn111usr1r.
670 189 717 247 IV.
736 194 877 246 lit-1⁷9.

198 357 286 407 autern
299 351 334 419 ei,
349 366 410 405 cum
423 366 477 423 quo
488 350 588 422 agitur,
605 355 651 403 aut
662 346 808 403 calumniae
819 347 946 404 iudicium
959 362 1097 419 opponere
1109 355 1157 403 aut

197 434 382 490 iusiurandum
397 435 516 507 exigere,
531 449 586 488 non
597 432 744 488 calumniae
756 448 836 486 causa
850 447 941 505 agere.
972 426 1032 489 177.
1043 429 1155 500 Contra·

120 522 179 576 249.
197 521 266 574 rium
282 526 371 573 autern
386 517 514 573 iudicium
535 533 567 572 er
587 516 669 572 certis
691 517 779 570 causis
800 507 1025 583 'constituitur-‚¹
1051 507 1055 591 Ι
1079 514 1155 570 uelut

196 603 219 658 si
233 603 392 658 iniuriarum
406 609 513 675 agatur,
527 609 555 656 et
565 602 588 655 si
600 616 662 655 curn
674 599 786 655 muliere
797 615 830 654 co
840 600 948 654 nomine
960 606 1067 671 agatur,
1080 597 1154 671 quod

194 679 333 743 ’τΙίοαῑιιν2
357 687 459 741 uentris
481 685 589 740 nomine
615 685 643 738 in
670 685 871 756 possessionem
893 684 975 738 missa
997 681 1061 737 doio
1083 680 1153 736 maio

197 769 229 826 ad
245 769 326 825 alium
340 770 540 842 possessionem
556 764 737 839 transtniisse,
753 768 819 822 etsi
834 769 895 839 quis
910 782 944 822 eo
959 766 1068 821 nomine
1082 773 1155 836 agat,

196 853 270 927 quod
285 853 365 922 (licat,
380 869 409 908 se
425 869 440 908 a
453 860 580 925 praetore
593 853 622 907 in
637 852 837 924 possessionem
853 851 966 905 missum
981 849 1014 905 ab
1030 849 1083 904 aiio
1099 864 1154 920 quo

196 937 340 992 admissum
351 953 406 992 non
417 953 486 992 esse.
518 936 566 992 sed
578 935 707 991 aduersus
719 936 877 990 iniuriarum
888 933 997 1008 quidem
1010 932 1089 989 'actio
1126 924 1155 986 s³

196 1021 315 1076 decimae
335 1021 420 1093 partis
435 1020 524 1090 datur,
545 1019 677 1075 aduersus
693 1034 758 1074 uero
779 1018 845 1073 duas
860 1019 926 1073 istas
942 1019 1060 1091 quintae.
1090 1013 1105 1085 l
1124 1013 1153 1072 8.

196 1102 324 1159 Seuerior
346 1111 435 1158 autem
457 1104 586 1159 coercitio
609 1110 651 1157 est
674 1103 904 1176 percontrarium
925 1102 1066 1158 iudicium:
1089 1116 1155 1155 nom

196 1187 345 1243 calumniae
365 1186 464 1243 iudicio
483 1185 522 1244 'x.
537 1179 643 1260 partis⁴
665 1202 744 1241 nemo
767 1185 913 1242 damnatur
934 1185 985 1240 nisi
1007 1185 1055 1259 qui
1075 1183 1155 1239 intel·

195 1271 274 1345 legit⁷
286 1287 340 1326 non
353 1280 426 1326 recte
436 1288 466 1326 se
478 1287 570 1344 agere,
581 1270 629 1326 sed
640 1269 755 1325 uenandi
765 1269 913 1325 aduersarii
925 1271 1010 1342 gratia
1020 1270 1154 1325 actionem

196 1356 328 1425 instituit,
350 1356 497 1428 potiusque
520 1371 551 1410 ex
573 1354 668 1410 iudicis
684 1370 776 1409 errore
791 1354 835 1409 uel
853 1355 996 1425 iniquitate
1012 1353 1153 1409 uictoriam

196 1446 287 1511 sperat
303 1455 383 1511 quam
398 1455 430 1493 en
445 1455 524 1494 causa
540 1440 675 1494 ueritatis:
699 1437 830 1493 cainmnia
845 1439 916 1493 enim
937 1439 965 1492 in
980 1437 1087 1493 adfectu
1101 1443 1154 1506 est,

197 1523 266 1578 sicut
282 1521 345 1577 iurti
360 1524 476 1578 crimen:
492 1523 628 1578 contrario
644 1537 711 1577 uero
730 1521 827 1577 iudicio
844 1521 998 1576 omnimodo
1014 1520 1156 1576 damnatur

196 1613 288 1673 actor,
312 1606 334 1660 si
349 1621 455 1661 causant
471 1622 525 1661 non
541 1606 669 1677 tenuerit,
692 1603 755 1660 licet
775 1605 865 1678 aliqua
881 1606 1011 1678 opinione
1025 1604 1154 1660 inductus

196 1688 356 1753 crediderit,
384 1705 413 1745 se
440 1698 514 1745 recte
542 1704 633 1762 agere.
677 1683 739 1744 179.
765 1688 861 1761 Vtique
889 1696 979 1744 autem
1001 1687 1154 1761 exquibus

196 1823 316 1872 adsertor
329 1823 482 1884 simpliciter
496 1821 623 1871 libertatis
633 1822 730 1870 vindex
739 1822 847 1879 dicitur,
862 1836 934 1885 quem
945 1822 987 1870 ius
996 1822 1071 1870 cioiie
1086 1823 1155 1870 alias

196 1908 247 1942 non
261 1898 353 1942 onerat
365 1899 390 1941 ei
407 1892 520 1940 deterret
532 1892 664 1944 redinant
677 1889 714 1957 (4,
729 1891 773 1955 18).
800 1890 868 1951 Quid
880 1907 943 1956 erqo
957 1893 1012 1940 est?
1029 1891 1155 1940 Standum

196 1964 297 2026 quidem
315 1964 343 2012 in
357 1964 503 2011 universum
521 1963 548 2010 in
562 1963 719 2012 auctoritate
737 1959 794 2020 1⁷⁸⁸,
815 1978 862 2011 nec
876 1969 959 2010 tamen
974 1964 1050 2011 etiam
1064 1963 1091 2010 in
1105 1962 1155 2012 itoc

196 2033 272 2083 verbo
295 2032 521 2096 acquiescendum,
543 2032 590 2081 sed
607 2034 661 2082 sioc
679 2048 714 2081 ex
733 2034 895 2082 correctione
913 2034 966 2083 sive
989 2047 1024 2081 ecc
1042 2034 1155 2082 rectiore

196 2110 293 2152 tantum
307 2104 415 2152 lectione
427 2102 603 2160 scribendum,
623 2110 650 2151 ut
664 2118 733 2151 nunc
744 2102 808 2164 feci,
823 2099 1063 2169 adstip(ula)ltorcm‚
1082 2118 1154 2167 quem

196 2190 273 2222 unum
286 2181 311 2223 et
321 2175 416 2225 solum.
436 2174 480 2236 qui
497 2174 598 2221 alienae
612 2174 653 2221 rei
667 2173 699 2220 ab
720 2174 795 2222 initio
811 2175 867 2222 sola
882 2175 1011 2223 voluntate
1025 2187 1074 2221 suu
1087 2181 1112 2222 et
1125 2175 1154 2222 in

194 2244 281 2293 stricti
299 2245 366 2292 iuria
379 2244 480 2308 neyctic
494 2250 606 2291 actorem
620 2243 701 2305 maqis
715 2258 790 2305 quom
804 2243 958 2293 creditorem
971 2244 1155 2293 secundariam

194 2329 222 2362 se
241 2315 373 2370 immiscet,
397 2314 519 2375 cuiusque
538 2313 704 2360 temeritatem
722 2313 798 2361 etiam
816 2315 871 2365 alia
889 2316 992 2363 ratione
1016 2316 1056 2363 ius
1078 2315 1154 2365 civile

196 2384 334 2447 insigniter
352 2389 453 2432 coercet
467 2382 503 2447 (a,
518 2392 565 2432 215.
580 2380 638 2446 216).
662 2397 689 2431 se
708 2384 856 2442 immiscuit,
871 2386 962 2433 mirum
972 2385 1060 2447 foret,
1075 2387 1099 2433 si
1113 2387 1155 2434 ius

195 2455 271 2504 civile
290 2454 434 2501 calumniae
452 2454 595 2501 conuicium
613 2467 664 2502 non
682 2453 775 2502 durius
794 2470 869 2518 quam
887 2461 987 2504 ceteros
1008 2462 1153 2505 tractasset.

268 2519 288 2588 1)
303 2522 383 2572 Posse
398 2522 482 2585 foisse
501 2523 676 2572 constituuntur
689 2539 740 2573 non
759 2525 872 2573 constitui
891 2532 983 2588 potest,
1004 2524 1093 2575 Sidus
1107 2528 1153 2575 cit.

197 2594 250 2643 Nec
268 2592 350 2643 scribi
363 2600 449 2656 potest
467 2594 620 2642 constitutum
635 2601 683 2654 est,
703 2609 759 2643 cum
777 2594 858 2644 Gaius
876 2595 909 2643 dc
923 2595 1008 2646 edicto
1018 2598 1155 2659 praetoris

194 2667 271 2714 etium
281 2671 407 2727 perpetuo
420 2679 519 2727 semper
530 2663 589 2726 fere
604 2662 639 2728 (et
653 2664 733 2728 recte)
748 2667 869 2728 loquatur
883 2668 1020 2729 praesenti
1032 2673 1154 2729 tempore,

191 2735 307 2798 fortusse
325 2749 386 2784 vero
400 2749 453 2798 pro
470 2736 555 2797 spatio
573 2735 719 2783 addendam
738 2735 845 2800 ed(icto).
909 2732 931 2799 ²)
944 2735 990 2785 Ecc
1006 2735 1097 2786 Geirei.
1112 2739 1153 2787 ed.

195 2805 288 2854 dicetur
303 2803 329 2854 0.
343 2805 383 2853 cd.
398 2804 446 2869 By.
510 2800 533 2869 ⁸)
548 2804 615 2852 i‘onis
632 2803 658 2854 0.
678 2805 795 2854 actionem
810 2806 866 2857 edd.
885 2804 938 2854 Sed
947 2814 1034 2869 potest
1047 2808 1156 2870 defendi

193 2875 301 2924 actiones
319 2890 354 2924 ecc
373 2873 449 2924 Paul.
469 2886 494 2937 o,
512 2887 533 2925 4.
552 2886 621 2925 o-u.
678 2871 700 2940 ⁴)
719 2874 857 2941 intellege:
879 2884 903 2925 et
923 2877 981 2939 ipso
1000 2878 1101 2942 quidem
1119 2880 1158 2928 ad

194 2946 323 2995 auinimum
342 2945 375 2994 X.
386 2946 482 3008 pariis,
496 2945 542 2994 sed
555 2960 585 2994 eo
599 2952 646 2994 etc.

194 3050 227 3098 D.
242 3050 274 3099 de
288 3052 363 3099 iuret.
379 3055 429 3115 (ιε,
443 3048 474 3114 c).
498 3049 530 3101 L.
546 3062 579 3100 11.
599 3051 623 3112 t.
638 3063 658 3100 1.
678 3050 711 3100 D.
725 3066 778 3100 rer.
793 3059 869 3102 cmot.
884 3050 933 3120 (an,
948 3051 980 3117 2).
999 3053 1030 3104 L.
1045 3064 1064 3105 n.
1081 3055 1105 3116 ἕ.
1120 3066 1156 3105 ιι

194 3120 227 3170 D.
242 3121 274 3169 de
288 3136 328 3184 op.
343 3137 369 3169 m.
384 3128 455 3170 nunt.
471 3117 516 3186 (39,
530 3118 562 3186 1).
577 3120 609 3169 L.
626 3133 692 3185 ips.
712 3121 744 3170 D.
758 3122 790 3170 de
804 3122 897 3173 damno
912 3123 959 3186 inf.
973 3121 1020 3190 (aa,
1034 3121 1065 3189 2).
1085 3124 1116 3176 L.
1133 3137 1154 3176 9.

197 3190 341 3241 caereo.
360 3191 431 3240 cred.
451 3190 486 3257 (4,
501 3188 534 3255 1).
555 3191 607 3239 Cic.
623 3207 675 3254 pro
695 3191 771 3241 Rosc.
792 3192 858 3242 Gom.
874 3195 942 3257 ulio.
1015 3190 1041 3262 ξ
1059 3197 1117 3247 l'i'i.
1134 3195 1155 3244 si

195 3256 280 3327 iniun]
300 3261 334 3323 cf.
356 3261 431 3310 Paul.
451 3272 477 3324 5,
490 3272 511 3311 4.
531 3262 554 3322 ξ.
570 3273 603 3311 11.
623 3261 655 3312 L.
670 3273 704 3312 ts.
728 3262 760 3311 D.
780 3262 812 3312 de
830 3264 910 3313 imiter.
931 3263 980 3325 (tt,
994 3264 1040 3329 to).
1064 3266 1155 3314 sicum
1195 3287 1199 3293 ·

195 3328 308 3396 muliere]
324 3330 358 3392 cf.
373 3333 412 3379 tit.
426 3331 459 3379 D.
474 3332 499 3380 si
512 3338 593 3380 cents.
608 3347 674 3383 nom.
688 3334 746 3381 moi.
761 3331 811 3396 (25,
825 3332 857 3398 5).
880 3335 944 3398 quod
958 3334 1023 3383 dicat
1036 3349 1062 3383 se
1077 3350 1091 3384 a
1104 3337 1155 3398 pm]

196 3401 230 3460 cf.
250 3402 288 3448 tit.
308 3400 340 3449 D.
361 3416 392 3449 ne
410 3402 449 3449 ois
464 3403 512 3463 flat
530 3403 567 3460 ei,
587 3417 610 3465 q.
625 3404 652 3450 ic
670 3417 740 3465 poss.
755 3406 800 3466 (ia,
812 3402 846 3468 4).
914 3401 940 3472 §-
957 3407 1015 3456 178.
1032 3405 1071 3468 (is.
1085 3406 1119 3456 L.
1134 3419 1155 3457 1.

195 3470 234 3528 ἐξ.
250 3480 270 3518 1.
285 3481 305 3519 s.
320 3480 341 3518 e.
361 3470 393 3518 D.
408 3471 444 3519 ad
456 3469 503 3521 So.
526 3471 604 3533 imp.
619 3470 669 3535 (ee,
684 3470 728 3537 rs).
748 3472 778 3522 L.
794 3485 815 3525 e.
837 3474 862 3524 0.
882 3476 914 3524 de
933 3478 1042 3525 catomo.
1057 3475 1092 3542 (o,
1107 3476 1154 3541 ee).

196 3534 264 3601 furit]
280 3538 314 3598 cf.
329 3549 350 3599 e,
365 3550 411 3591 ior.
471 3536 496 3606 ξ.
514 3542 571 3590 179.
589 3541 625 3602 Of.
640 3543 663 3602 5.
678 3553 724 3593 1m.
