2609 3942
195 188 259 251 154
630 204 718 240 ann.

193 326 343 380 accedente
362 326 397 380 de
415 326 523 379 casibus
542 324 687 393 (exceptis)
706 325 778 379 libro
791 324 934 395 singulari,
948 327 1082 380 executus
1095 327 1145 381 est

193 394 250 446 Sed
271 409 327 446 non
354 394 526 447 satisfaciens
550 392 615 458 sibi,
643 393 698 445 nisi
721 394 751 445 et
771 393 919 446 universae
946 393 1052 462 privati
1078 394 1147 446 iuris

194 460 359 529 prudentiae
377 462 406 513 in
425 463 515 514 artem
532 460 663 514 redactae
680 460 832 529 imaginem
851 460 1040 528 exsculperet,
1061 460 1147 513 etiam

192 526 1148 663 tttttdtttttalatitabattttattltttttt

214 613 420 716 cotidianparum
438 664 524 717 libros
542 678 570 715 se
592 663 658 724 tem,
677 660 831 728 exquibus
849 661 891 715 sic
907 636 1009 715 imbati
1026 678 1055 714 se
1072 661 1148 729 ipsos

193 680 319 783 accendo
337 730 538 808 addiscerentl
565 680 659 783 Oeteri
670 728 735 806 ,eius
751 728 817 781 libri
827 729 939 806 tanturn
950 728 1148 796 supplementa

193 794 1203 942 auctir,castraserrasassistiturastata

193 930 383 994 mrssrombus,
401 946 465 983 curn
482 930 518 981 ad
536 929 660 982 edictum
672 929 799 983 urbrcum
811 932 895 984 modo
908 930 942 984 de
955 930 1057 998 legatas
1070 931 1100 982 at
1112 929 1147 983 de

193 996 304 1049 liberali
316 1011 398 1049 causa
410 997 572 1065 scripsisset,
585 996 619 1050 de
632 996 781 1049 verborum
794 997 1021 1066 obligationibus,
1035 1012 1099 1049 cum
1112 996 1148 1050 ad

194 1062 318 1115 edictum
338 1064 449 1116 tanturn
461 1064 618 1131 praetoriae
637 1063 830 1131 stipulationes
847 1065 1029 1131 explicandae
1046 1065 1147 1129 essent,

195 1129 230 1182 de
248 1128 312 1206 lege
331 1129 430 1196 Glicia,
448 1146 520 1198 quae
532 1131 568 1184 ad
580 1129 797 1184 centumvirales
809 1147 905 1184 causas
916 1131 1063 1199 spectabat
1074 1132 1149 1184 inter

193 1197 238 1248 ius
260 1195 342 1249 civile
365 1198 395 1250 et
415 1197 586 1266 praetorium
608 1197 802 1265 interpositas,
825 1196 860 1251 de
884 1197 954 1252 SUO.
974 1197 1147 1252 Tertulliano

194 1264 224 1316 et
242 1262 416 1333 Orphitiano,
456 1280 508 1318 uae
527 1266 618 1329 antea,
637 1279 701 1316 cum
713 1262 909 1331 Orphitianum
927 1265 1041 1318 demum
1059 1281 1084 1319 a.
1100 1270 1149 1320 178

194 1329 301 1383 factum
320 1333 400 1397 esset,
419 1281 503 1400 piene
520 1332 642 1385 tractare
660 1330 784 1384 nondum
802 1333 942 1397 potuerat.
971 1331 1055 1385 Liber
1073 1333 1148 1385 enim

194 1397 342 1466 singularis
352 1398 387 1452 de
396 1398 517 1452 formula
525 1398 738 1465 hypothecaria,
747 1397 849 1451 collata
858 1403 910 1462 §.a
924 1397 1015 1451 Const.
1030 1398 1149 1452 Omnem

194 1464 263 1532 reip.
291 1466 402 1518 tantum
419 1481 484 1535 pars
501 1464 742 1534 interpretationis
759 1464 845 1518 edicti
863 1465 975 1518 videtur
991 1464 1084 1517 fuisse.

262 1504 408 1585 Postremo
425 1533 540 1585 maximi
557 1532 694 1586 momenti
712 1532 762 1597 est,
779 1531 855 1600 quod
868 1530 954 1585 Gaius
971 1530 1046 1599 ipsos
1063 1531 1150 1586 libros

195 1613 259 1650 suos
277 1614 311 1651 ex
328 1601 410 1666 parte
433 1599 532 1653 saltem
550 1600 648 1669 aperte
672 1598 782 1652 scholae
804 1598 898 1666 potius
919 1613 1004 1666 quam
1021 1597 1083 1651 foro
1101 1599 1149 1652 da·

195 1664 313 1719 stinavit
330 1666 523 1735 maximusque
541 1666 627 1721 studii
644 1667 793 1720 theoretici
811 1666 948 1720 excitator
965 1669 995 1719 et
1005 1666 1150 1734 promotor

196 1733 315 1786 exstitit:
334 1734 431 1801 quain
444 1751 474 1788 re
487 1734 513 1788 ei
526 1736 556 1789 et
566 1735 743 1788 Athenaeum
756 1733 926 1788 Graecarum
938 1732 1149 1801 disciplinarum

196 1800 231 1853 ab
250 1800 393 1857 Hadriano
410 1802 516 1857 Romae
534 1803 696 1856 institutum
714 1804 744 1855 et
761 1801 847 1855 edicti
864 1801 1095 1874 compositionem
1112 1800 1149 1854 ab

195 1867 303 1921 Iuliano
322 1871 479 1925 absolutam
497 1870 680 1924 incitamento
698 1869 783 1921 fuisse
801 1884 938 1943 perquam
951 1865 1084 1918 credibile
1098 1869 1149 1923 est.

197 1933 316 1990 Omnino
340 1939 415 1990 enim
438 1938 493 1991 iuri
510 1936 587 1990 civili
609 1936 663 1988 hoc
687 1934 804 1986 estsere
821 1933 946 1999 privato,
965 1930 1040 1998 qaod
1058 1932 1149 1986 solum

195 2003 303 2055 tamin
325 2005 425 2058 scholis
446 2004 633 2065 tractabatur,
658 2001 802 2075 totumne
825 1998 893 2050 dans
915 1998 1042 2066 inprimis
1063 1998 1150 2054 libros

196 2069 245 2123 ‘ad
263 2071 386 2123 edictum
403 2070 542 2122 urbicum’
561 2066 737 2135 potissimum
759 2081 789 2116 1n
807 2065 963 2118 scholamnr
984 2082 1066 2119 usum
1084 2068 1149 2120 scri·

195 2136 292 2268 {pitis
304 2136 431 2253 atita
450 2131 908 2267 alubritihsstttssisnihatitlt
925 2132 1149 2269 <attestati

196 2243 281 2332 e’sset,
305 2267 350 2320 hic
372 2283 433 2320 mos
455 2267 506 2320 sub
528 2266 745 2335 imperatoribus
766 2282 823 2320 non
845 2266 929 2320 modo
951 2269 1077 2321 retentus
1099 2267 1149 2321 sed

196 2334 282 2387 etiam
305 2334 431 2387 excultus
455 2336 505 2388 est.
546 2335 579 2385 In
602 2332 666 2386 Gaii
687 2348 754 2386 vero
775 2332 854 2388 libris
875 2335 998 2404 primum
1019 2335 1072 2389 hoc
1094 2335 1148 2387 sin·

269 2463 288 2532 ¹)
304 2467 367 2515 llaec
382 2466 444 2515 enirn
460 2466 583 2529 utriusque
593 2466 674 2529 operis
689 2466 751 2515 iuter
764 2481 791 2516 se
805 2467 865 2516 ratio
881 2482 935 2517 esse
949 2469 1049 2518 videtur.
1074 2468 1107 2518 tt.
1119 2468 1148 2517 dc

195 2537 325 2586 Buchboltz
339 2537 363 2586 in
378 2536 470 2599 Hugou.
485 2536 529 2585 civ.
546 2536 605 2598 lllag.
621 2537 657 2584 Vl.
672 2551 696 2598 p.
711 2548 758 2587 aaa.
773 2549 820 2588 aar.
835 2537 921 2588 Omisit
935 2539 1008 2588 Gaius
1027 2539 1050 2588 iu
1065 2539 1148 2601 altero,

197 2608 260 2672 quod
275 2609 321 2656 iarn
336 2608 380 2656 bac
391 2608 420 2656 de
434 2621 506 2656 causa
516 2614 570 2670 post
580 2607 743 2656 lustitutiones
753 2609 868 2671 scriptum
879 2624 933 2658 csse
943 2609 1094 2659 statuendum
1103 2615 1148 2671 cst,

195 2679 408 2742 praemonitionem
423 2678 452 2726 de
467 2678 518 2727 iure
533 2679 636 2738 gentium
652 2684 676 2726 et
689 2679 761 2740 civili,
775 2686 911 2743 utapparet
925 2695 952 2729 cx
966 2681 992 2729 L.
1008 2693 1020 2730 1
1035 2695 1071 2743 pr.
1082 2680 1108 2728 b.
1120 2680 1149 2728 de

196 2765 248 2813 aeq.
263 2764 310 2798 rer.
326 2750 388 2798 dom.
404 2746 497 2814 (41,1);
513 2749 591 2812 itaque
606 2755 681 2798 totum
696 2750 820 2799 consilium
836 2752 887 2800 cius
902 2752 925 2800 in
940 2752 985 2800 boc
999 2750 1061 2799 libro
1072 2751 1101 2799 ab
1112 2751 1150 2798 ln-

196 2820 358 2869 stitutiouibus
373 2820 492 2868 diversum
513 2825 549 2880 et,
569 2825 595 2867 ut
611 2821 684 2868 uerbo
704 2821 794 2882 dicam,
814 2822 891 2871 minus
911 2822 1056 2884 isagogicum
1076 2821 1149 2870 luisse

196 2898 298 2954 oportet.
314 2890 424 2939 Ceterum
432 2890 528 2937 easdem
537 2903 576 2937 res
584 2891 679 2952 exponit
687 2892 757 2940 modo
764 2893 834 2941 latius
842 2899 866 2941 ct
873 2892 1007 2942 accuratius
1015 2898 1150 2955 mutataque

196 2961 363 3027 aliquantulum
378 2960 531 3009 materiarum
546 2960 721 3024 distributione,
735 2977 765 3011 ne
779 2963 880 3012 studiosi
899 2963 1030 3026 superioris
1044 2963 1098 3012 libri
1113 2962 1151 3010 di·

196 3033 327 3082 visionibus
338 3031 406 3094 quasi
416 3030 474 3079 artis
485 3031 585 3080 vinculis
595 3039 740 3082 tenerentur.
760 3032 818 3082 Nam
828 3034 906 3096 primo
917 3032 1012 3096 quidem
1021 3032 1082 3082 libro
1094 3033 1150 3081 item

197 3105 226 3153 de
240 3114 397 3166 personarum
411 3101 463 3149 iure
477 3102 600 3164 exposui13
620 3104 695 3152 altero
714 3117 770 3152 vero
786 3110 810 3150 et
823 3103 894 3151 tertio
914 3103 943 3151 dc
958 3102 1023 3162 iure,
1043 3102 1105 3166 quod
1120 3103 1150 3151 ad

196 3188 236 3223 res
250 3173 362 3235 pertinet,
378 3171 402 3219 iu
416 3186 462 3235 quo
473 3173 629 3234 obligationes
644 3173 737 3236 plenius
747 3187 776 3221 ex
789 3173 865 3221 tribus
876 3185 1014 3220 caussarum
1023 3172 1150 3231 generibus

196 3243 324 3301 derivatim
344 3247 420 3290 totum
434 3257 491 3291 vero
512 3243 549 3293 ius
564 3244 734 3292 hereditarium
753 3249 777 3290 ct
791 3242 854 3303 quod
874 3241 903 3290 ad
918 3241 1024 3289 actiones
1039 3241 1150 3303 partinet,

197 3313 350 3376 sequentibus
366 3312 434 3362 libris
449 3311 487 3379 (ax
502 3314 588 3375 quibus
602 3314 661 3363 nihil
675 3311 796 3376 superest)
811 3325 948 3360 reservasse
962 3310 1061 3361 ridetur.
1083 3312 1151 3369 Quod

196 3397 252 3431 vero
267 3397 307 3431 res
322 3384 471 3447 quotidianae
486 3384 677 3434 lustitutionibus
688 3382 755 3446 quasi
770 3383 869 3431 comites
884 3382 978 3431 addilae
991 3389 1065 3445 crant,
1080 3383 1150 3432 ctiam

196 3454 337 3502 confirmant
351 3468 458 3517 prooem.
468 3455 526 3504 lust.
541 3456 565 3515 ἕ.
575 3465 595 3505 t.
611 3460 634 3501 ct
647 3453 739 3501 Blubm.
749 3451 798 3500 tab.
813 3452 837 3501 in
847 3453 963 3503 Zeitscbr.
976 3453 991 3503 l.
1002 3454 1082 3517 pasch.
1094 3454 1150 3504 [tw.

196 3524 233 3574 lv,
249 3538 272 3589 p.
288 3535 334 3576 ato.
