2609 3942
211 202 274 266 308
505 216 564 252 am
580 216 681 252 unsrrr.
698 198 748 255 111.
765 204 874 252 88-92.

138 362 193 411 191.
273 353 323 412 88.
345 354 430 411 Nune
451 362 635 413 transeamus
650 354 684 411 ad
698 354 894 429 obligationes,
916 371 1030 426 quarum
1045 347 1172 410 suurrna1

212 439 309 494 diuisio
324 440 352 494 in
366 438 432 494 duas
446 440 551 512 species
565 439 717 495 diducitur:
740 440 827 494 omnis
841 440 913 494 enirn
928 437 1060 511 obligatio
1076 438 1122 494 uel
1137 455 1173 494 ex

212 531 355 579 conhactu
369 524 492 580 nascitur
506 522 551 579 nel
565 538 598 578 ex
612 522 721 578 delicto.

275 603 325 663 89.
347 603 380 663 Et
394 609 469 680 prius
484 606 622 662 nidoemus
637 606 672 661 de
686 606 743 676 his,
764 620 834 678 quae
848 621 881 660 er
896 613 1039 661 contractu
1053 621 1172 661 nascun-

211 699 266 748 tur.
303 690 397 746 harum
419 697 549 763 quattuor
568 705 668 762 genera
688 696 765 744 sunt:
788 697 836 743 aut
853 690 926 743 enim
944 704 975 744 re
995 689 1174 745 contrahitur

213 774 360 848 obligatio,
376 781 423 829 aut
438 771 545 844 uerbis,
560 781 607 828 aut
621 772 735 843 litteris,
750 779 797 827 aut
810 787 955 829 consensu.

276 853 331 914 90.
353 857 392 912 Re
406 857 576 913 contrahitur
591 855 721 929 obligatio
737 855 812 910 uelut
827 857 914 910 mutui
928 855 1052 924 datione3
1068 854 1173 926 (mutui

214 948 310 998 autern
323 932 415 1017 datio)
430 941 582 1013 proprisio
597 933 660 994 his²
675 937 756 994 rebus
772 940 920 1011 contingit,
937 954 1007 1012 quae
1022 932 1171 1012 pondere,³

213 1038 342 1083 numero,
369 1037 496 1077 mensura
522 1029 665 1092 constant,
692 1023 780 1094 qualis
807 1031 850 1079 est
878 1023 992 1096 pecunh
1018 1031 1169 1094 numerata,

213 1107 322 1173 uinum,
345 1103 451 1176 oleum,
466 1105 646 1174 lrumentum,
663 1121 723 1177 aes,
739 1114 893 1178 argentum,
908 1122 1018 1178 aurum,
1042 1122 1109 1178 quas
1124 1122 1168 1161 res
1184 1124 1238 1177 μω)

212 1198 260 1245 aut
274 1186 439 1244 numerando
454 1195 502 1243 aut
515 1187 651 1244 metiendo
666 1198 713 1244 aut
730 1189 872 1262 pendendo
892 1191 920 1244 in
939 1190 992 1244 hoc
1006 1189 1115 1260 damus,
1138 1199 1170 1245 ut

213 1272 402 1345 accipientium
430 1270 496 1328 liant
523 1279 551 1327 et
578 1272 741 1346 quandoque
761 1273 840 1329 nobis
864 1289 921 1328 nou
942 1267 1094 1344 ’eaedem,⁴
1120 1273 1170 1329 sed

213 1350 305 1413 ’aliae5
319 1354 441 1412 eiusdem
454 1365 571 1412 naturae
586 1355 749 1412 reddantur:
766 1357 837 1412 unde
852 1358 931 1412 etiam
942 1366 1066 1411 mutuum
1078 1356 1167 1430 appel·

212 1439 296 1496 latum
311 1446 363 1509 est,
385 1441 448 1512 quia
470 1439 543 1513 quod
562 1439 601 1494 ita
615 1438 665 1495 tabi
680 1457 695 1495 a
709 1456 752 1495 me
766 1439 858 1495 datum
874 1446 931 1510 est,
953 1457 986 1496 er
1007 1456 1068 1496 meo
1091 1449 1168 1497 tuum

213 1516 271 1578 ht.l
312 1517 359 1578 91.
381 1521 406 1576 Is
422 1538 540 1595 quoque,
557 1522 603 1595 qui
617 1539 673 1577 non
693 1522 814 1578 debitum
827 1524 931 1597 accepit
945 1521 978 1578 ab
993 1540 1038 1593 eo,
1059 1527 1106 1597 qui
1119 1541 1168 1598 per

213 1620 334 1661 errorem
349 1603 443 1675 soluit,
458 1623 488 1662 re
500 1604 653 1678 obligatur;
670 1622 730 1662 nam
745 1606 859 1679 proinde
874 1608 899 1662 ei
913 1607 1018 1663 coaulici
1031 1615 1124 1680 potest
1139 1624 1168 1666 91

212 1680 327 1745 94111917
341 1704 406 1747 uvat
418 1704 503 1747 941111
517 1704 690 1765 onourunu,
705 1706 735 1745 ao
749 1691 773 1745 si
787 1699 912 1746 mutuum
926 1692 1083 1763 accepisset.
1097 1691 1167 1748 uude

214 1772 321 1845 quidam
331 1780 438 1846 putant,
452 1773 585 1848 pupillum
595 1781 642 1828 aut
653 1773 803 1845 mulierem,
817 1775 860 1829 eui
870 1776 928 1830 sine
940 1776 1041 1831 tutoris
1053 1778 1168 1831 auctori·

213 1863 269 1912 tate
275 1854 454 1913 nondebitum
466 1874 515 1931 per
526 1873 646 1913 errorem
657 1858 748 1913 datum
761 1866 813 1928 est,
824 1873 880 1913 non
890 1859 978 1914 teneri
987 1859 1166 1930 condictione,

213 1956 269 1995 non
283 1940 370 2014 magis
385 1957 465 2014 quam
479 1941 565 1996 mutui
581 1941 699 1996 datione.
731 1941 778 1996 sed
794 1942 861 1997 haec
876 1943 981 2015 species
996 1941 1168 2016 obligationis

213 2039 269 2079 non
289 2024 398 2080 uidetur
417 2040 450 2079 er
470 2031 612 2079 contractu
635 2025 799 2094 consistere,
822 2026 884 2098 quia
910 2027 949 2095 is,
973 2026 1020 2098 qui
1044 2026 1169 2083 soluendi

215 2107 303 2162 animo
319 2107 381 2175 dat,
404 2108 489 2179 magis
504 2105 655 2161 distrahere
669 2106 730 2161 uult
743 2110 884 2180 negotium
903 2125 983 2181 quam
998 2110 1168 2168 contrahere.

140 2199 196 2252 152.
277 2185 325 2246 92.
342 2188 434 2244 Verbis
451 2180 456 2264 Ι
473 2186 602 2261 obligatio
617 2186 648 2241 lit
663 2204 694 2242 er
709 2190 925 2265 interrogatione
940 2200 968 2248 et
979 2196 1169 2266 responsione,

286 2333 307 2403 1)
317 2336 444 2385 Summam
452 2337 517 2385 dicit
526 2338 641 2402 etiamen
650 2347 778 2402 respectu,
788 2342 857 2404 quod
866 2342 991 2405 quaedam
1000 2342 1170 2408 obligationes

213 2408 363 2457 accuratius
376 2422 430 2455 rem
444 2406 616 2456 tractantibus
628 2423 723 2458 rursus
736 2412 832 2460 similes
850 2418 948 2460 tantum
960 2414 1014 2461 sint
1031 2414 1086 2473 bis,
1105 2431 1170 2478 quaa

213 2492 248 2526 ea
262 2484 397 2526 contractu
411 2479 450 2526 uel
464 2492 498 2526 eac
512 2478 606 2528 delicto
621 2487 772 2529 nascuntur.
796 2482 831 2544 cf.
846 2482 870 2542 5.
885 2492 919 2533 91.
992 2477 1014 2547 ¹)
1028 2485 1087 2547 lere,
1102 2486 1172 2548 quod

137 2595 151 2612 ,
212 2547 288 2597 addit
302 2547 341 2605 0.,
360 2555 431 2597 recte
449 2548 521 2597 deest
538 2550 565 2597 in
583 2548 647 2597 Iust.
666 2549 730 2600 Inst.
749 2565 841 2600 errore
859 2553 960 2601 scilicet
979 2560 1067 2602 uatum
1081 2570 1116 2603 ea:
1130 2571 1170 2604 se-

213 2619 300 2682 quenti
312 2618 392 2667 rebas.
457 2614 539 2684 ⁸)qua
552 2633 592 2667 res
606 2620 712 2683 pondere
729 2620 754 2671 θ.
773 2619 881 2686 (factum
895 2637 930 2670 ea
943 2625 1091 2688 antiquiore
1104 2627 1169 2674 uitio

144 2701 145 2704 ’
213 2689 325 2738 alicuius
339 2696 408 2738 certe
421 2703 525 2738 sensus:
542 2704 608 2753 quar.
620 2690 649 2738 de
663 2692 769 2754 pondere
780 2727 786 2739 .
797 2727 803 2739 .
815 2727 821 2739 .
832 2691 944 2756 constat).
963 2708 1024 2756 quae
1037 2709 1077 2743 res
1091 2710 1115 2758 p.
1127 2696 1168 2743 ed.

212 2757 261 2823 Bg.
311 2755 333 2823 ⁴)
347 2758 392 2808 Ex
406 2759 470 2809 last.
485 2760 568 2808 eadem
584 2760 719 2826 99199.
770 2758 793 2825 δ)
807 2761 999 2827 alia0.ed.Bg.
1052 2761 1075 2829 ⁶)
1089 2765 1168 2813 tiatG.

214 2828 272 2879 Non
290 2829 487 2893 inprobabiliter
504 2830 548 2878 bic
565 2830 667 2879 excidit
684 2846 719 2879 eac
736 2830 800 2880 Inst.
819 2833 1002 2894 supplendum
1026 2832 1073 2899 (at)
1093 2849 1121 2882 ex
1140 2849 1169 2883 eo

213 2907 336 2949 contractu
350 2902 455 2949 nascitur
469 2900 540 2962 actio,
554 2914 615 2962 quse
630 2909 730 2949 uocatur
744 2902 871 2950 condictio.
900 2901 987 2951 Etiam
1000 2903 1170 2967 Theophilus:

213 2961 245 3021 ἐκ
259 2964 291 3021 db
305 2966 404 3022 sabroe
418 2970 473 3021 uri.
536 2966 556 3035 ⁷)
571 2977 652 3033 parret
668 2971 694 3020 0.

283 3106 327 3177 βξ.
342 3112 384 3160 88.
399 3112 440 3160 89.
458 3110 496 3172 Of.
507 3125 552 3174 pr.
566 3111 590 3171 5.
605 3121 625 3160 a.
644 3108 668 3158 Ι.
684 3111 716 3159 de
730 3111 806 3176 ablig.
823 3110 913 3178 (919).
932 3112 1002 3176 Fuit.
1018 3126 1038 3176 a,
1053 3126 1066 3164 9
1075 3115 1167 3177 pua.

212 3192 232 3231 1.
249 3196 293 3244 pr.
307 3182 330 3242 ς.
345 3191 366 3230 1.
384 3179 417 3228 D.
432 3179 464 3229 de
478 3178 527 3230 obl.
537 3188 562 3229 et
571 3187 621 3229 act.
632 3179 679 3245 (44,
689 3178 721 3246 t),
783 3177 809 3248 ξ.
824 3184 866 3232 90.
882 3204 917 3223 =
927 3198 970 3246 pr.
985 3183 1086 3248 Lquib.
1101 3186 1168 3235 mod,

212 3265 242 3299 re
255 3257 338 3300 contr.
352 3249 384 3315 (9,
399 3248 444 3314 14).
474 3250 512 3314 Cf.
527 3250 598 3314 Fuit.
613 3262 634 3312 a,
648 3262 669 3302 9.
688 3252 711 3312 ξ.
727 3264 747 3301 1.
767 3251 799 3301 L.
810 3264 829 3302 1.
844 3254 867 3313 ἓ.
882 3265 902 3303 9.
922 3252 954 3303 D.
969 3254 1001 3303 de
1015 3253 1064 3304 obl.
1078 3262 1104 3304 et
1116 3263 1167 3306 aet.

213 3318 258 3384 (44,
273 3318 305 3384 t).
377 3316 403 3387 ξ.
419 3321 461 3370 91.
477 3341 510 3362 =
524 3322 548 3382 ξ.
563 3334 583 3372 1.
602 3320 695 3370 Leod.
712 3320 744 3387 (9,
759 3320 803 3386 14).
824 3322 862 3383 Cf.
877 3323 909 3370 L.
920 3334 940 3374 5.
956 3325 978 3384 ξ.
989 3335 1010 3375 9.
1029 3324 1105 3374 Me
1118 3325 1167 3375 obl.

212 3396 238 3436 et
251 3395 300 3436 act.
316 3386 365 3453 (44,
380 3388 411 3454 t).
437 3391 462 3451 ξ.
476 3402 496 3441 9.
516 3390 585 3440 I.de
599 3390 647 3440 obl.
663 3406 686 3453 q.
703 3407 725 3455 q.
740 3406 775 3440 ex
789 3399 870 3441 contr.
886 3390 924 3456 (9,
937 3391 981 3457 at).
1000 3393 1032 3441 L.
1047 3404 1060 3446 t
1075 3411 1119 3458 pr.
1133 3397 1166 3447 D.

212 3456 244 3504 de
259 3463 327 3506 auct,
341 3464 367 3504 et
380 3472 450 3507 cous.
466 3459 511 3523 (99,
525 3459 556 3525 8).
576 3460 608 3510 L.
621 3472 642 3510 4.
662 3462 685 3522 ἓ.
699 3472 720 3510 4.
740 3461 772 3509 Ι).
787 3462 819 3510 de
838 3462 893 3510 doli
907 3477 965 3511 ecca.
982 3462 1027 3528 (44,
1042 3462 1078 3530 4);
1094 3465 1167 3527 infra

211 3535 233 3587 4,
247 3533 269 3573 a.
283 3533 317 3573 41.
394 3521 419 3592 5.
435 3529 477 3577 92.
499 3528 537 3590 Os.
552 3529 622 3592 Epit.
637 3541 662 3593 a,
676 3542 697 3581 9.
711 3531 735 3591 §-
750 3541 769 3579 a.
785 3547 829 3593 pr.
844 3530 867 3578 Ι.
882 3532 913 3580 de
927 3531 996 3580 verb.
1011 3532 1060 3582 obt.
1075 3533 1106 3600 (s,
1121 3532 1165 3599 19).
