2609 3942
183 170 245 235 322
462 183 523 220 9111
541 183 640 219 1119111.
659 164 708 221 ΠΙ,
728 168 869 220 142-146.

246 322 312 384 142.
337 324 445 381 Locatio
466 332 555 379 autem
571 330 599 378 et
613 307 757 378 conductio
773 312 816 398 (et
830 324 932 392 emptio
948 326 976 377 et
990 310 1145 395 uenditio)¹

185 409 316 466 similibus
332 407 435 482 regulis
450 408 668 464 constituuntur:
684 407 734 460 nisi
750 406 819 461 enim
835 420 937 461 meroes
953 412 1027 460 certa
1040 410 1145 459 statuta

185 495 230 565 sit,
253 509 308 549 non
331 492 439 548 uidetur
461 491 560 547 locatio
583 499 611 545 et
632 488 779 545 conductio
802 487 936 545 contrahi.
981 484 1047 546 143.
1068 486 1146 543 Unde

185 578 208 632 si
230 577 317 633 alieno
340 575 450 632 arbitrio
473 589 575 630 merces
596 573 728 646 permissa
754 573 806 642 sit,
836 572 912 627 uelut
939 572 1035 645 quanli
1057 570 1144 626 'litius

118 667 175 716 166.
189 661 381 730 aestimauerit,
399 651 403 735 Ι
420 659 569 732 quaeritur,
584 673 616 712 an
633 656 733 711 locatio
749 663 777 711 et
791 655 935 711 conductio
951 653 1142 711 contrahatur:
1158 661 1212 717 1219]
1291 679 1292 682 =

185 744 247 818 ’qua
268 736 322 799 de²
336 759 415 800 causa
438 743 461 797 si
482 741 580 797 lulloni
596 739 722 813 polienda
736 738 898 811 curandaue,
912 738 1071 794 sarcinatori
1086 755 1143 793 sar·
1291 733 1292 738 ’

186 827 279 884 cienda
301 828 463 883 uestimenta
485 823 613 896 dederim,
637 822 711 878 nulla
732 824 821 878 statim
843 822 966 879 mercede
980 821 1143 891 constituta,

185 920 281 984 postea
297 919 400 965 tantum
416 909 540 979 daturus,
556 907 649 980 quami
663 909 796 963 internos
809 906 978 976 conuenerit,
994 906 1143 977 quaeritur,

187 1011 219 1048 an
248 994 346 1049 locatio
373 1001 400 1048 et
428 991 573 1048 conductio
601 992 786 1049 contrahatur.
833 986 900 1046 144.
922 982 1014 1046 tremi
1040 991 1064 1045 si
1086 1005 1143 1045 rem
1247 984 1252 994 '

187 1077 233 1132 tibi
256 1075 380 1132 utendam
402 1075 520 1130 dederim
548 1083 575 1130 et
600 1075 717 1131 inuicem
736 1074 814 1129 aliam
839 1090 894 1129 rem
919 1073 1044 1128 utendam
1068 1090 1143 1129 acce·

186 1161 287 1233 perim,
309 1160 461 1231 quaeritur,
482 1175 515 1213 an
537 1158 635 1214 locatio
657 1165 684 1214 et
698 1156 843 1215 conductio
859 1158 1042 1216 contrahatur,
1076 1153 1140 1213 145.

186 1244 260 1299 hdeo
275 1249 365 1299 autem
381 1243 481 1315 emptio
505 1250 533 1298 et
554 1240 674 1298 uenditio
696 1250 723 1297 et
743 1241 842 1297 locatio
859 1250 887 1297 et
903 1240 1047 1297 conductio
1068 1240 1143 1295 lami·

186 1327 329 1383 liaritatem
345 1327 460 1400 aliquam
475 1327 545 1382 inter
562 1343 592 1382 se
607 1325 706 1381 hahere
720 1325 863 1396 uidentur,
883 1333 914 1380 ut
933 1325 961 1379 in
984 1323 1142 1398 quibusdam

186 1413 272 1467 causis
295 1412 386 1484 quaeri
409 1410 511 1481 soleat,
534 1419 625 1465 utrum
647 1411 748 1481 emptio
772 1417 799 1465 el
820 1409 940 1464 uenditio
956 1409 1143 1479 contrahatur,

187 1510 220 1549 an
235 1494 333 1549 locatio
350 1501 377 1548 et
392 1493 550 1549 conductio:
570 1492 655 1549 ueluti
670 1494 693 1547 si
708 1510 758 1565 qua
777 1508 821 1548 res
837 1493 864 1548 in
879 1502 1042 1566 perpetuom
1057 1493 1143 1548 locata

186 1580 233 1649 sit,
248 1577 321 1650 quod
337 1578 428 1632 euenit
442 1577 470 1631 in
484 1577 600 1650 praediis
611 1577 786 1649 municipum,
803 1592 871 1649 quae
886 1593 918 1632 ea
932 1576 994 1650 lege
1009 1576 1143 1646 locantur,

187 1671 218 1716 ut
233 1660 358 1733 quamdiu
373 1654 463 1716 ’inde4
479 1659 593 1734 uectigal
614 1668 778 1733 praestetur,
800 1675 888 1733 neque
910 1661 962 1733 ipsi
984 1659 1144 1716 conductori

187 1760 276 1818 neque
290 1743 382 1802 heredi
398 1746 455 1800 eius
471 1743 608 1818 praedium
624 1743 777 1812 auferatur;
792 1744 840 1799 sed
856 1745 941 1817 magis
956 1743 1057 1816 placuit
1071 1742 1143 1798 loca·

188 1831 288 1884 tionem
303 1828 564 1901 conductionemque
580 1844 649 1885 esse.
687 1822 752 1883 teo.
775 1821 863 1882 ltem⁶
882 1830 905 1882 si
927 1826 1090 1901 gladiatores
1112 1841 1142 1881 ea

187 1913 249 1986 lege
265 1911 311 1967 tibi
328 1907 494 1983 tradiderim,
516 1914 588 1967 utin
604 1911 738 1985 singulos,
761 1912 806 1984 qui
827 1912 927 1984 integri
947 1911 1070 1983 exierint,
1091 1926 1142 1983 pro

187 1995 287 2052 sudore
309 1995 414 2051 denarii
432 2013 475 2052 xx
496 1996 560 2050 mihi
583 1995 722 2070 darentur,
743 1996 771 2050 in
787 2011 834 2050 eos
850 2011 916 2050 uero
940 1994 1074 2066 singulos,
1096 1993 1142 2067 qui

187 2080 270 2137 occisi
292 2088 338 2135 aut
360 2078 489 2134 debilitati
511 2078 627 2148 luerint,
651 2076 755 2134 denarii
776 2078 854 2149 mile,
877 2078 1026 2151 quaeritur,
1052 2085 1142 2134 utrum

187 2165 287 2235 emptio
310 2170 338 2217 et
360 2161 479 2216 uenditio
502 2177 535 2215 an
557 2162 656 2217 locatio
679 2170 707 2216 et
729 2161 874 2218 conductio
897 2161 1087 2218 contrahatur:
1116 2169 1143 2215 ct

187 2247 272 2318 magis
298 2244 412 2317 placuit,
442 2259 551 2315 eorum,
581 2246 627 2316 qui
655 2246 755 2318 integri
777 2247 904 2317 exierint,
932 2246 1094 2301 locationem
1117 2254 1145 2299 et

186 2326 393 2384 conductionem
416 2334 577 2382 contractam
602 2328 703 2399 uideri,
731 2337 759 2385 at
786 2346 895 2401 eorum,
924 2329 969 2402 qui
993 2329 1076 2384 occisi
1098 2338 1145 2384 aut

186 2469 274 2518 ductio
288 2463 387 2531 quippe’
403 2466 447 2536 (es.
462 2469 494 2517 L.
510 2480 522 2519 2
532 2484 576 2533 pr.
591 2469 624 2518 D.
637 2472 686 2520 loe.
699 2481 733 2531 19,
747 2467 783 2533 2)ε
798 2470 889 2533 quibua
902 2472 1004 2520 omissis
1017 2470 1144 2519 librarius

187 2544 265 2587 antem
280 2538 377 2601 poenit.
450 2535 471 2604 ²)
490 2538 565 2589 Haec
583 2556 651 2589 nune
671 2548 699 2589 ot
716 2541 812 2589 similia
826 2543 939 2604 periisse
954 2541 1069 2602 fortasse
1086 2533 1145 2589 cum

188 2609 249 2658 otiis
263 2607 341 2674 (pota
355 2616 431 2659 anteo
447 2607 514 2659 ‘eine
528 2626 615 2660 rerum
628 2613 685 2660 siue
699 2607 861 2677 operorom')
880 2612 976 2661 collato
994 2613 1017 2672 ξ.
1033 2623 1080 2662 119.
1096 2621 1141 2661 156.

187 2686 300 2728 statuere
313 2682 400 2739 motui,
415 2696 489 2744 quom
499 2683 568 2744 qood
578 2678 683 2730 ‘Gaius'
693 2696 721 2745 p.
731 2692 766 2732 95.
785 2695 926 2739 suaseram,
936 2689 1028 2731 contro
1039 2681 1065 2730 0,
1085 2695 1143 2729 eon·

188 2749 294 2799 stituitur
309 2752 394 2815 legere
408 2749 447 2816 (ot
460 2766 528 2801 nene
538 2753 577 2800 ed.
588 2751 637 2799 Kr.
652 2752 683 2815 2).
710 2751 747 2808 Cf.
763 2752 786 2812 §-
801 2763 847 2803 195.
906 2747 928 2817 ¹)
937 2751 1027 2801 Malim
1038 2749 1142 2815 eadelm)

187 2818 732 2957 lllli⁰ll⁶it⁸ttlltttdtl'stillo
756 2817 948 2942 „⁸3‘.¹‹⁰·0{}'3,l·
959 2820 1142 2956 415οῗ411

189 2907 303 3023 0119214.
318 2968 343 3010 et
356 2908 400 3024 pqro
416 2962 463 3009 illis
478 2906 505 3009 gr
519 2961 551 3009 L.
562 2973 573 3010 1
583 2975 628 3024 pr.
638 2928 706 3010 lifes·
721 2927 784 3026 eger
794 2928 856 3011 oeci.
868 2961 899 3027 (6,
910 2959 941 3027 9).
950 2908 1007 3028 1(111]
1019 2928 1142 3011 eddecel:

188 3028 209 3094 ὗ)
224 3032 346 3094 quaeritur
360 3031 433 3080 addit
449 3031 474 3080 0.

257 3149 282 3220 ξ.
299 3154 358 3202 142.
384 3153 422 3216 Of.
437 3152 469 3201 L.
484 3164 497 3202 2
510 3168 554 3217 pr.
570 3153 603 3201 D.
622 3154 670 3204 loc.
684 3153 733 3218 (19,
747 3153 780 3219 2).
803 3155 849 3203 Pr.
864 3155 886 3205 I.
901 3156 933 3205 de
947 3156 1022 3206 locat.
1039 3155 1075 3221 (9,
1094 3154 1141 3220 21).

186 3218 212 3290 ξ.
233 3224 292 3273 143.
318 3222 355 3286 Cf.
376 3225 399 3284 5.
420 3237 439 3273 1.
463 3223 486 3273 I.
506 3223 539 3272 to.
558 3223 590 3273 L.
609 3234 636 3274 25
649 3239 694 3287 pr.
714 3225 746 3273 D.
766 3227 814 3274 loc.
833 3224 881 3290 (19,
900 3227 931 3287 2).
954 3227 987 3275 L.
1005 3237 1037 3275 22.
1063 3227 1094 3275 D.
1109 3228 1143 3275 de

181 3307 302 3354 praescr.
317 3292 385 3345 oerlt.
402 3293 447 3359 (19,
461 3294 492 3358 5).
577 3332 582 3343 .
599 3297 658 3344 144.
680 3294 717 3357 Cf.
732 3296 755 3356 θ.
770 3307 790 3346 2.
807 3294 878 3346 tit.
893 3296 925 3345 L.
940 3308 974 3348 tt.
989 3298 1012 3357 ξ.
1027 3308 1047 3346 9.
1063 3297 1095 3344 D.
1110 3297 1144 3345 de

185 3377 302 3424 praescr.
317 3363 385 3413 verb.
399 3363 445 3430 (19,
459 3362 491 3430 t).
574 3401 580 3411 .
598 3366 656 3415 145.
675 3367 699 3426 §-
710 3377 730 3415 9.
749 3365 770 3414 Ι.
787 3365 819 3415 io.
841 3366 879 3430 Of.
890 3365 921 3418 L.
932 3377 952 3417 2.
968 3369 991 3428 §-
1006 3380 1026 3416 1.
1046 3366 1077 3417 D.
1092 3370 1141 3417 loc.

187 3429 232 3494 (19,
245 3430 278 3494 2).
300 3430 394 3481 Gruter
408 3447 455 3495 eor,
470 3445 491 3485 o.
563 3430 587 3502 ξ.
605 3436 664 3485 146.
686 3435 724 3497 Cf.
741 3435 792 3487 Cic.
808 3437 843 3485 od
856 3436 1069 3499 Attic.t‚tefin.
1095 3453 1142 3485 non

186 3499 306 3547 dubitatur
319 3499 380 3568 etc]
396 3505 430 3567 cf.
445 3504 477 3552 L.
492 3515 519 3554 2ο
527 3520 572 3566 pr.
587 3506 619 3553 D.
635 3508 683 3555 loc.
698 3505 742 3573 (19,
757 3507 787 3572 2).
