2609 3942
199 211 264 277 386
456 227 514 263 am
530 227 623 263 mena.
642 208 690 262 IV.
711 213 859 263 tic-121.

196 375 286 434 quam
301 359 325 415 oi
339 353 428 414 mettis
442 373 522 414 causa
536 364 564 413 te
578 356 675 413 iecisse
690 355 734 412 uei
753 354 818 412 doio
833 354 902 410 maio
916 370 1046 428 arguero,
1061 354 1151 428 repei-

196 443 270 499 ieris.
313 433 378 498 item
400 444 424 498 si
445 440 556 497 fundum
583 440 733 514 litigiosum
758 440 846 495 aciem
871 454 963 495 anon
991 437 1152 511 possidente

195 527 293 582 emeris
315 541 431 598 eumque
452 541 467 580 a
488 524 644 599 possidente
666 531 754 599 petas,
776 521 924 595 opponitur
945 521 993 577 tibi
1015 524 1150 595 exceptio,

195 625 344 684 perquam
367 608 521 666 omnimodo
541 609 731 664 commoneris.
774 603 833 663 118.
856 604 1034 679 Exceptioocs
1059 615 1151 662 autem

197 694 261 750 aiias
281 695 310 749 io
332 692 420 749 edicto
442 701 552 765 praetor
566 691 647 749 habet
668 692 833 765 propositas,
855 689 920 745 alias
942 705 1023 746 causa
1038 691 1151 763 cognita

195 777 387 834 accommodat.
411 791 480 849 quae
490 791 584 832 omnes
600 774 644 831 uei
659 790 691 831 ex
706 774 812 848 iegibus
828 773 871 829 uei
886 789 919 830 ox
934 773 987 844 his,
999 790 1068 847 quae
1079 773 1150 846 legis

196 862 282 917 uicem
298 862 431 934 optinent,
446 859 622 916 substantiam
636 862 757 932 capiunt,
772 857 816 913 uei
826 873 859 912 ex
873 856 1059 913 iurisdictione
1072 873 1152 931 prae·

127 947 267 1006 nomionis
282 944 403 1018 proditae
418 950 491 1000 sunt.
515 941 521 1014 Ι
542 940 603 1001 no.
627 943 725 999 Omnes
740 950 829 998 autem
845 942 1018 1014 exceptiones
1037 943 1066 997 in
1083 958 1151 997 con·

198 1028 307 1083 tranium
322 1029 521 1100 concipiuntur,
536 1024 806 1099 quamanimae,
821 1041 883 1082 cum
898 1040 952 1097 quo
968 1026 1077 1097 agituxs
1087 1040 1151 1082 nam

195 1112 219 1166 si
242 1108 317 1165 uerbi
339 1111 425 1183 gratia
446 1125 508 1164 reus
530 1109 594 1165 doio
616 1108 686 1164 maio
701 1108 802 1182 aiiquid
823 1117 943 1166 actorem
965 1107 1054 1164 iacere
1068 1107 1151 1179 (licat,

198 1195 243 1267 qui
265 1192 337 1249 ionte
358 1194 497 1267 pecuniam
512 1193 597 1266 petit,
620 1208 700 1265 quam
721 1208 777 1247 non
793 1194 954 1258 numerauit,
970 1194 1010 1248 sic
1025 1194 1151 1265 exceptio

196 1277 360 1351 concipitur:
385 1291 415 1334 ει
436 1293 470 1333 m
490 1291 531 1333 ns
552 1291 593 1334 no
614 1292 704 1335 nmio
725 1290 809 1332 nouo
837 1291 922 1332 nano
945 1291 1018 1332 xvxo
1041 1291 1152 1334 socon

196 1377 321 1420 naccon
335 1377 385 1419 exn
398 1376 503 1424 unove
517 1376 608 1429 niam
629 1363 694 1417 item
714 1362 737 1415 si
755 1359 863 1415 dicatur
882 1368 976 1415 contra
996 1361 1150 1432 pactionem

197 1447 310 1519 pecunia
324 1446 391 1518 peti,
405 1446 443 1500 ita
457 1446 608 1518 concipitur
622 1445 759 1517 exceptio:
782 1459 812 1502 ει
833 1459 928 1501 mnes
949 1458 1054 1501 amun
1073 1458 1148 1500 non·
1160 1461 1226 1511 [eoa]

198 1544 276 1585 mvn
291 1545 331 1585 nn
345 1543 508 1585 nvnxmvn
521 1543 678 1586 nnomxvix
691 1543 754 1585 uon
768 1542 935 1597 convenio,
950 1542 990 1585 nn
1005 1543 1046 1584 ns
1057 1542 1150 1586 enov-

197 1627 252 1669 ms
265 1627 465 1680 eneconem
480 1618 508 1666 et
522 1611 637 1685 denique
652 1613 681 1667 in
691 1611 789 1669 ceteris
804 1612 892 1667 causis
906 1611 1030 1667 similiter
1043 1612 1150 1685 concipi

197 1696 281 1752 soiet:
298 1695 357 1751 ideo
372 1695 487 1765 scilicet,
499 1696 560 1769 quia
577 1698 665 1752 omnis
677 1695 799 1768 exceptio
812 1693 930 1750 obicitur
944 1695 1051 1767 quidem
1066 1710 1150 1765 aneo,

198 1780 245 1836 sed
259 1782 297 1836 ita
311 1778 441 1835 ioxmuiae
455 1780 594 1848 inseritur,
609 1787 640 1834 ut
660 1778 869 1835 condicionalem
890 1777 970 1836 iaciat
989 1778 1151 1835 condemna·

198 1867 316 1935 tionem,
337 1862 363 1919 id
379 1872 432 1934 est,
451 1879 486 1918 ne
506 1862 584 1918 aiitcn
602 1862 682 1918 iudex
704 1878 780 1933 eum,
802 1878 864 1918 cum
884 1877 938 1935 quo
959 1863 1065 1936 agitur,
1085 1878 1151 1919 con·

198 1947 315 2019 domnoc,
331 1949 445 2020 quamsi
466 1946 533 2004 nihii
554 1947 580 2002 in
596 1962 625 2001 ea
646 1964 692 2018 re,
716 1962 769 2020 qua
788 1945 821 2002 de
843 1947 947 2019 agitur,
967 1946 1031 2002 doio
1052 1948 1152 2002 actoris

200 2031 299 2088 iactum
321 2032 372 2102 sit3
400 2033 465 2086 item
486 2046 520 2086 ue
541 2030 619 2086 aiiter
641 2030 721 2085 iudex
742 2045 803 2085 eum
826 2029 1004 2101 condemnet,
1026 2046 1105 2103 quaro
1128 2032 1151 2086 si

199 2115 301 2171 ouiium
323 2123 431 2188 pactum
453 2121 619 2170 conuentum
640 2115 675 2168 de
697 2128 752 2168 non
777 2113 892 2186 petenda
914 2115 1029 2186 pecunia
1051 2113 1152 2170 iactum

197 2191 317 2271 'suerit.¹

261 2276 326 2338 120.
351 2280 479 2335 [licuntur
501 2286 590 2334 autem
618 2280 790 2352 exceptiones
811 2290 859 2336 aut
885 2282 1083 2355 peremptoriae
1105 2291 1153 2339 aut

198 2363 348 2419 diiatoriae.
393 2357 453 2419 121.
477 2361 677 2436 Peremptoriae
698 2372 778 2436 sunt,
801 2380 870 2438 quae
891 2372 1025 2438 perpetuo
1048 2364 1153 2437 ualent,

197 2462 249 2502 neo
262 2447 357 2501 euitari
371 2452 501 2518 possunt,
525 2445 601 2502 ueiut
616 2445 690 2520 quod
711 2456 800 2504 metus
818 2464 898 2504 causa
920 2456 967 2504 aut
988 2448 1052 2505 doio
1068 2449 1153 2523 maio,

198 2538 245 2586 aut
260 2529 333 2603 quod
347 2538 441 2586 contra
455 2529 544 2604 legen
565 2538 711 2587 senatusue
731 2531 888 2588 consultum
910 2530 1007 2588 iactum
1025 2541 1084 2606 est,
1105 2542 1152 2589 aut

198 2614 270 2688 quod
286 2629 330 2670 res
345 2613 458 2671 iudicata
474 2623 529 2684 esi,
552 2614 597 2670 uei
611 2617 639 2671 in
653 2615 782 2671 iudicium
797 2614 912 2672 deducta
927 2623 979 2688 est,
999 2618 1064 2674 item
1079 2619 1152 2690 pacti

197 2699 338 2770 conuecti,
353 2698 436 2772 ’quod
455 2692 581 2771 factum²
602 2708 660 2769 est,
683 2714 717 2754 ne
733 2699 843 2755 omniuo
865 2701 978 2773 pecunia
1000 2709 1151 2775 peteretur.

197 2892 289 2958 Bpium
303 2892 343 2942 ed.
357 2903 379 2944 o.
393 2893 492 2942 edendo
507 2906 557 2941 rem
573 2892 675 2956 aiiquam
693 2893 812 2957 mancipio
832 2894 889 2942 dare
906 2893 1081 2957 promitterem
1098 2902 1152 2946 oto·

197 2965 277 3014 tuisse
296 2963 393 3022 videri,
412 2978 468 3012 eum
486 2964 531 3028 qui
551 2978 605 3012 rem
625 2964 691 3013 dore
705 2965 868 3027 promiserit,
888 2978 939 3014 ooo
957 2966 986 3014 io
1004 2979 1154 3028 personam,

197 3035 244 3083 ced
261 3035 288 3082 io
307 3048 361 3083 rem
379 3035 480 3084 actione
499 3035 589 3083 teneri.
666 3031 685 3099 ¹)
704 3035 750 3083 erit
771 3032 797 3083 0.
816 3035 873 3083 edd.
889 3042 998 3097 praeter
1015 3033 1089 3084 Stud.

200 3100 284 3170 ¹)Eoc
305 3102 395 3153 Go'ociu
416 3105 448 3168 ej.
468 3104 502 3166 cf.
522 3105 544 3166 ἓ.
560 3114 607 3155 111.
627 3105 690 3169 quod
709 3110 804 3169 pactum
824 3103 850 3154 0.
869 3104 943 3170 (quoti
962 3105 1085 3171 notatum)
1105 3121 1152 3170 quo

268 3258 294 3331 fi.
311 3265 369 3314 118.
391 3261 466 3325 Cfii.
481 3273 502 3313 t.
517 3261 539 3312 I.
554 3260 587 3311 to.
659 3257 684 3330 fi.
700 3265 759 3313 119.
780 3262 898 3325 (Mon
907 3278 952 3327 pr.
963 3263 1037 3313 inde
1050 3272 1153 3328 except.

198 3331 244 3399 (14,
259 3334 290 3399 1).
321 3332 372 3382 (iic.
388 3332 420 3381 de
434 3333 485 3381 ino.
500 3344 520 3391 a,
535 3343 569 3382 20.
584 3330 702 3382 Bricoon.
716 3333 749 3383 de
760 3333 838 3395 form.
852 3345 874 3392 5,
888 3343 914 3385 'tt
927 3349 980 3398 aeq.
991 3333 1116 3385 Zeitocir.
1129 3336 1152 3400 f.

196 3403 283 3465 pesco.
299 3401 370 3451 RW.
390 3401 468 3451 XIII.
482 3417 507 3465 p.
523 3413 569 3453 axo.
619 3397 645 3470 ξ.
663 3405 721 3453 120.
743 3402 781 3466 Cf.
796 3405 818 3465 ς.
834 3414 854 3454 a.
870 3402 891 3453 I.
906 3404 938 3453 de
952 3419 1009 3454 ecc.
1025 3403 1057 3470 (t,
1072 3405 1116 3471 xo).

199 3466 225 3536 ξ.
242 3472 298 3521 121.
321 3471 359 3533 Of.
373 3471 406 3520 L.
420 3482 441 3522 c.
461 3472 492 3520 D.
508 3473 539 3522 de
553 3479 654 3535 except.
669 3471 718 3537 (44,
737 3470 767 3538 1).
787 3475 810 3536 §-
825 3484 845 3524 c.
869 3472 891 3523 I.
907 3475 950 3524 eit.
970 3475 1034 3539 quoti
1048 3489 1088 3524 res
1103 3477 1153 3530 iud.

199 3535 259 3604 eto]
278 3539 312 3601 cf.
328 3540 350 3600 β.
366 3551 412 3590 loc.
427 3552 448 3599 c,
463 3552 509 3591 xeo.
529 3556 558 3590 ne
574 3542 670 3592 omnino
683 3539 744 3609 eto]
760 3543 794 3606 cf.
810 3544 849 3605 ἓξ.
865 3555 910 3595 119.
927 3556 973 3598 iit.
