2609 3942
196 198 258 263 174
507 212 688 249 (1111111111.
706 195 727 252 Ι.
746 200 837 249 ’1-13.

195 357 369 430 magistratus
388 354 484 429 populi
503 353 624 410 Romani.
662 352 710 410 sed
725 353 917 428 amplissimum
938 353 980 410 ius
997 362 1039 411 est
1053 355 1081 410 in
1096 355 1153 411 edi·

194 442 244 496 otis
260 439 375 495 duorum
390 448 556 512 praetorum,
575 437 671 494 urbani
693 448 721 494 et
741 439 892 512 peregrini,
915 453 1030 511 quorum
1043 439 1071 494 in
1087 455 1151 512 pro·

193 524 288 580 uinciis
303 523 515 579 iurisdictionem
529 523 669 596 praesides
684 538 774 578 earum
791 520 905 591 habent3
920 524 985 578 item
1000 523 1028 578 iu
1042 515 1151 580 edicto¹

193 607 318 664 aedilium
333 606 477 676 curulium,
494 623 609 679 quorum
624 606 837 663 iurisdictionem
852 607 879 661 in
893 607 1043 679 prouinciis
1057 607 1151 681 popuii

194 690 303 748 Romani
318 700 477 764 quaestores
493 690 606 756 habent;
622 706 683 745 nam
698 691 726 745 in
740 691 893 764 prouincias
906 690 1026 747 Caesaris
1041 692 1150 747 omuino

193 784 352 849 quaestores
367 790 423 830 non
438 776 592 844 mittuntur,
607 783 635 829 et
650 774 685 830 oh
701 773 728 829 id
743 775 795 831 hoo
810 774 926 830 edictum
941 776 969 831 in
985 775 1026 830 his
1041 778 1151 849 prouin-

192 860 241 917 ciis
252 876 307 914 non
317 858 490 932 proponitur.
512 854 537 916 7.
552 855 690 930 Responsa
700 858 873 931 prudentium
885 868 949 915 sunt
959 861 1111 916 sententiae
1123 870 1150 918 et

193 944 335 1016 opiniones
351 951 457 1012 eornm,
473 940 569 1014 quibus
583 944 743 1014 permissum
756 951 798 998 est
812 944 871 999 iura
883 943 1010 1001 condere.
1033 960 1150 1017 quorum

193 1027 312 1083 omnium
325 1026 389 1081 siin
401 1041 483 1081 unum
492 1026 640 1082 sententiae
647 1035 826 1097 concurrunt,
836 1026 875 1097 it,
888 1028 960 1099 quod
971 1028 1009 1083 ita
1018 1031 1148 1093 sentiunt,

192 1110 261 1184 legis
276 1111 361 1165 uicem
377 1111 497 1183 optinet3
513 1110 536 1164 si
552 1125 618 1165 uero
635 1110 808 1182 dissentiunt,
823 1110 904 1167 iudici
914 1112 977 1169 licet
988 1128 1067 1185 quam
1082 1113 1150 1169 uelit

191 1194 352 1251 senteutiam
367 1195 460 1267 sequi;
476 1192 558 1267 idque
572 1196 705 1266 rescripto
720 1193 776 1249 diui
790 1192 916 1251 Hadriani
930 1196 1107 1270 significatur.

252 1279 285 1345 ii,
307 1289 341 1338 tie
359 1290 419 1339 iuris
438 1289 564 1340 diuisione.
601 1276 630 1337 8.
652 1277 734 1333 Omne
756 1272 860 1335 autem²
880 1282 935 1344 ins,
958 1297 1012 1356 quo
1035 1283 1145 1352 utimur,
1154 1296 1207 1351 [ros]

152 1381 176 1430 3,
192 1364 236 1420 nel
250 1364 283 1419 ad
297 1380 426 1436 personas
441 1365 573 1436 pertinet,
595 1362 640 1418 uei
659 1362 665 1433 Ι
684 1361 716 1416 ad
735 1378 797 1434 res,
817 1363 862 1419 uel
882 1363 916 1420 ad
930 1366 1061 1424 actiones.
1095 1358 1149 1423 ’et3

190 1450 265 1520 prius
281 1447 418 1504 uideamus
434 1446 468 1503 de
482 1448 616 1519 personis.

252 1529 285 1588 ll·
312 1543 346 1591 De
365 1542 505 1591 condicione
523 1541 652 1590 hominnm.
689 1526 718 1586 9.
740 1528 773 1586 Ei
795 1530 903 1604 quidem
925 1549 1028 1590 stimma
1049 1535 1146 1591 diuisit)

190 1613 224 1669 de
238 1614 297 1671 iure
312 1631 489 1690 personarum
504 1615 571 1671 haec
585 1623 641 1686 est,
664 1614 737 1689 quod
753 1630 846 1670 omnes
867 1615 989 1674 homines
1004 1628 1051 1675 aut
1070 1618 1147 1675 liberi

189 1706 316 1756 sunt-eut
336 1701 422 1756 serui.
456 1695 501 1759 to.
515 1699 618 1756 Rursus
639 1698 786 1756 liberorum
812 1700 950 1756 hominum
972 1702 1016 1759 aiii
1036 1703 1148 1776 ingenui

190 1790 269 1855 sunt,
291 1785 335 1841 alii
356 1784 485 1841 libertini.
527 1780 567 1846 11.
591 1784 705 1858 ingenui
719 1791 801 1853 sunt,
824 1786 871 1856 qui
892 1784 969 1841 liberi
990 1789 1046 1841 nati
1068 1794 1146 1854 sunt3

188 1865 322 1937 libertini,
344 1871 391 1944 qui
405 1886 438 1925 er
456 1870 527 1926 iusta
542 1870 672 1924 servitute
691 1869 847 1924 manumissi
869 1875 942 1923 sunt.
986 1864 1029 1927 12.
1045 1869 1147 1925 Rursus

189 1949 374 2009 libertinorum
391 1947 463 2028 (iria
479 1959 546 2009 suni
559 1966 683 2024 penora:
705 1970 772 2007 nam
787 1957 838 2009 aut
853 1955 932 2008 ciues
945 1953 1079 2026 Romani,
1095 1961 1147 2011 oui

188 2034 287 2092 Latini
307 2043 357 2093 aut
378 2027 588 2113 dediticiorum)
610 2050 723 2090 numero
745 2045 818 2092 sunt.
855 2035 888 2091 de
912 2034 1010 2109 quibus
1031 2038 1147 2112 singulis

190 2118 377 2193 dispiciamus;
399 2135 429 2175 ao
449 2120 524 2191 prius
543 2119 578 2173 de
600 2117 745 2175 dediticiis.

250 2202 305 2258 titt.
340 2212 375 2260 De
399 2212 519 2262 dediticiis
542 2213 581 2262 nei
603 2213 655 2276 lege
678 2214 743 2263 delia
767 2215 855 2265 Sentis.
891 2199 935 2262 18.
956 2202 1029 2278 Lege
1054 2207 1146 2278 itaque

189 2284 263 2341 Aelia
277 2285 370 2341 Sentis
385 2295 505 2358 mustus,
528 2298 558 2344 ut
580 2290 626 2360 qui
648 2290 722 2344 serui
743 2304 758 2344 a
779 2289 895 2345 dominis
917 2304 1020 2362 poenae
1037 2292 1146 2346 nomine

190 2370 272 2425 uincti
294 2373 362 2435 siut,
383 2370 513 2443 quibusve
534 2374 662 2446 stigmata
676 2373 806 2446 inscripta
820 2376 892 2445 sint,
913 2372 982 2429 douc
997 2372 1095 2446 quibus
1111 2373 1146 2429 oh

187 2502 326 2562 succidisse,
345 2504 414 2567 quod
426 2503 457 2553 od
470 2506 580 2567 repetita
592 2511 725 2568 postremo
742 2503 820 2554 verba
835 2505 918 2568 facile
933 2507 995 2568 fieri
1008 2507 1102 2569 potuit,
1121 2512 1146 2555 et

186 2586 295 2636 sequens
308 2574 401 2636 prodii
419 2581 510 2638 autem,
530 2577 702 2638 praemissam
720 2575 892 2638 definitionem
915 2578 1052 2626 similemne
1068 2591 1144 2642 pene·

187 2645 269 2693 raiem
286 2647 438 2694 senientiam
456 2647 588 2705 indicans,
611 2653 636 2695 et
654 2646 724 2710 quod
741 2648 840 2710 alioqui
857 2648 915 2697 sola
932 2648 1018 2698 edicta
1035 2663 1083 2698 sua
1100 2648 1145 2697 de-

184 2714 303 2777 linitione
321 2723 450 2768 carerent.
483 2715 628 2779 Praecepta
649 2719 740 2780 accipe
753 2718 839 2767 eodem
855 2720 975 2793 pcneraii
992 2734 1077 2779 sensu,
1096 2733 1145 2783 quo

187 2785 311 2834 dicuntur
329 2785 361 2839 L.
380 2798 413 2838 ro.
431 2788 454 2849 §-
468 2799 487 2837 1,
519 2788 550 2838 D.
564 2788 596 2836 de
610 2789 689 2838 instit.
709 2788 740 2855 (1,
756 2788 778 2852 1)
792 2788 825 2837 L.
840 2799 860 2838 1.
889 2788 920 2838 D.
933 2790 965 2837 de
979 2788 1053 2854 lapid.
1067 2788 1099 2855 (1,
1113 2789 1145 2856 a).

189 2850 209 2919 ¹)
230 2855 417 2907 Comercicum
437 2857 598 2908 caesones.
618 2870 637 2909 1.
670 2859 755 2907 edictis
771 2858 796 2910 0.
810 2859 867 2909 edd.
898 2857 952 2908 Sed
965 2867 1058 2923 postea
1075 2868 1145 2910 recte

186 2933 284 2976 tantum
298 2928 401 2978 edictum
415 2930 568 2992 appellatur.
595 2928 737 2978 Librarius
746 2931 811 2979 male
826 2930 940 2979 imitatus
953 2937 991 2980 esi
1005 2932 1074 2994 quod
1086 2938 1146 2980 ante

186 2999 285 3063 teperet
294 2999 326 3048 de
335 2999 428 3049 edictis
439 3000 548 3049 duorum
556 3006 715 3063 praetorum.
753 2994 776 3064 ¹)
791 2999 849 3049 Non
859 3007 956 3048 tantum
966 3002 1041 3050 maile
1051 3000 1084 3063 cf.
1094 3003 1116 3061 ξ.
1126 3014 1145 3053 s.

186 3063 208 3134 8)
228 3084 263 3119 eac
281 3072 312 3132 qi.
335 3069 378 3120 111.
393 3069 542 3120 Mommsem'
560 3071 604 3119 sed
623 3070 648 3121 0.
667 3071 724 3121 edd.
743 3085 771 3119 ac
789 3068 853 3120 Iasi.
874 3069 908 3132 ef.
922 3070 945 3130 9.
961 3081 994 3120 11,

256 3197 281 3269 ξ.
299 3205 322 3252 i.
339 3202 376 3265 Of.
391 3204 414 3264 ἓ.
428 3212 448 3253 s.
468 3200 489 3251 I.
503 3201 558 3252 eod.
572 3217 628 3250 cum
646 3201 755 3264 diseopit.
770 3201 800 3251 L.
809 3212 827 3251 tt.
842 3203 907 3261 §.aa
927 3199 958 3250 Ι),
973 3199 1080 3263 doario.
1095 3201 1144 3253 iur.

185 3270 263 3338 (1,1).
291 3270 379 3323 Senec.
393 3287 431 3336 ep.
445 3284 478 3324 aa.
535 3274 578 3322 .8.
594 3293 626 3313 =
641 3272 672 3322 L.
687 3285 707 3323 1,
727 3271 802 3321 ade
815 3277 884 3320 siaiu
898 3270 962 3320 hom.
978 3269 1011 3335 (1,
1024 3270 1055 3334 a).
1075 3272 1096 3332 9.
1111 3284 1144 3323 11.

185 3341 253 3393 Lae
271 3343 329 3391 iure
347 3350 399 3394 nai.
414 3342 444 3408 (1,
459 3342 490 3408 1).
538 3346 581 3392 ,ti
596 3364 629 3385 ==
644 3342 675 3392 L.
696 3354 716 3393 a.
743 3342 775 3392 1).
793 3348 862 3391 siaiu
880 3341 944 3392 dom.
962 3339 998 3405 (1,
1016 3338 1047 3405 d).
1065 3342 1143 3403 pul.

185 3412 217 3460 de
236 3413 285 3460 iun.
300 3427 372 3474 pers.
391 3413 426 3478 (1,
446 3413 477 3478 a).
531 3409 746 3480 §.10.Cf.§.t
765 3413 810 3476 lin.
828 3411 850 3463 I.
871 3412 927 3462 eod.
948 3411 992 3462 ii.
1010 3411 1109 3462 Dositla.
1122 3424 1143 3462 a

184 3478 208 3551 ξ.
227 3483 267 3530 11.
288 3480 403 3543 OfiLti.
423 3484 479 3544 §.a
502 3483 533 3533 D.
548 3484 579 3532 de
592 3491 662 3533 statu
675 3483 739 3534 dom.
753 3483 785 3548 (1,
798 3481 830 3550 o).
867 3480 892 3552 ξ
907 3485 946 3534 12.
963 3482 1000 3546 Cf.
1018 3481 1072 3545 Uip.
1087 3496 1108 3542 1,
1122 3495 1142 3535 5.

185 3551 228 3604 ii.
242 3551 341 3602 Dositi.
360 3553 399 3613 si·
417 3563 490 3616 tseq.
527 3548 551 3619 ξ.
568 3556 608 3604 13.
630 3554 668 3618 Os.
686 3553 740 3618 (ap.
754 3567 775 3616 1,
789 3567 822 3606 11.
843 3555 919 3605 Paul.
932 3565 955 3614 t,
969 3565 1002 3606 lt.
1021 3555 1141 3619 §§.oseq.
