2609 3942
445 217 505 251 666
523 216 620 256 marm.
638 200 659 252 Ι.
676 204 785 256 65-68.
1034 202 1093 265 189

137 357 215 410 etiam
226 355 346 411 incertus
358 356 407 422 sit;
420 355 491 410 unde
503 356 593 411 solent
605 358 690 428 spurii
703 355 751 411 lilii
762 358 900 429 appellari,
913 358 957 413 uel
969 376 984 412 a
995 357 1094 414 Graeca

139 455 205 494 uoce
221 441 296 511 quasi
311 433 466 513 σποράδην
480 441 622 511 concepti,
644 440 689 494 uel
705 441 781 512 qnasi
795 442 853 495 sine
868 450 944 514 patre
959 435 1036 498 filii.¹

199 518 248 579 65.
264 525 424 594 Aliquando
440 525 653 592 commonenti,
677 530 709 578 ut
730 525 821 592 liberi,
846 528 896 595 qui
916 529 1010 581 statim
1032 530 1094 598 qui-

137 608 199 662 dem
212 612 245 662 ut
260 599 341 662 66ῑί2
356 615 431 676 sunt,
449 614 593 678 parentum
609 606 636 660 in
651 613 788 678 potestate
803 622 857 660 non
873 605 948 676 liant,
966 609 984 662 ii
998 617 1092 680 postea

67 695 122 748 111⁷]
138 697 226 744 tamen
238 689 396 762 redigantur
409 690 437 744 in
451 698 626 761 potestatem.
655 685 703 746 66.
723 689 805 746 Uelut
816 693 843 744 si
856 689 974 745 Latinus
990 690 1093 763 exlege

137 772 212 827 Aelia
226 771 317 828 Sentio
339 789 423 828 uxore
446 772 527 828 ducta
552 771 635 828 lilium
653 775 846 845 procreauerit,
862 782 908 829 aut
922 771 1046 829 latinum
1061 791 1095 828 ex

137 855 229 911 Latina
244 865 290 911 aut
305 856 392 917 ciuem
407 855 554 911 Romanum
570 873 603 911 ea
619 858 678 912 ciue
693 856 819 922 Romana,
841 873 895 913 666
911 855 1019 912 habehit
1033 873 1095 912 eum

136 941 163 994 in
175 948 326 1012 potestate3
338 940 399 996 'sed
407 942 433 995 si
442 945 538 1010 postea
549 956 629 995 eausa
636 941 1075 1010 probatuciuitotemRomonum
1088 949 1093 1002 l

136 1022 411 1094 consecutusfuerit,
422 1017 844 1080 ’ciuemliomanumeumsimu13
855 1018 1090 1100 inpotestatelsua
1103 1033 1143 1087 18.

136 1105 236 1162 habere
247 1107 350 1180 incipit.
376 1103 421 1166 67,
434 1106 501 1162 ltem
513 1109 536 1163 si
552 1109 618 1162 ciuis
630 1108 766 1163 Romanus
778 1106 898 1164 Latinam
911 1118 957 1163 aut
972 1110 1093 1181 peregri·

136 1206 196 1245 nam
207 1207 317 1247 uxorem
331 1191 437 1247 duxerit
446 1208 496 1264 per
505 1192 695 1265 ignorantiam,
710 1209 770 1248 eum
783 1208 840 1247 eam
851 1194 938 1248 ciuem
949 1190 1094 1248 Romanam

136 1290 196 1329 esse
211 1274 344 1346 erederet,
365 1273 493 1331 etlilium
510 1277 703 1347 procreauerit,
725 1276 769 1331 hic
784 1292 840 1331 non
855 1284 897 1330 est
917 1277 944 1330 iu
959 1286 1095 1348 potestate

137 1359 205 1428 eius,
217 1360 278 1430 quia
289 1375 323 1414 ne
336 1360 443 1431 quidem
450 1359 517 1414 ciuis
524 1357 660 1415 Romanus
666 1369 718 1431 est,
730 1358 778 1413 sed
791 1357 954 1414 autlatinus
964 1369 1094 1431 autpere·

136 1442 241 1514 prinus,
259 1442 287 1496 id
299 1452 342 1496 est
353 1443 412 1497 eius
423 1442 601 1512 condicionis,
620 1445 697 1498 cuius
707 1452 734 1498 et
746 1451 831 1498 mater
852 1442 944 1511 fuerit,
962 1445 1023 1515 quia
1038 1458 1094 1497 666

138 1525 338 1595 aliterquisque
345 1525 376 1579 ad
384 1527 467 1597 patris
473 1525 658 1582 condicionem
666 1526 779 1596 aceedit,
791 1528 900 1598 quamsi
912 1528 983 1582 inter
991 1534 1094 1599 patrem

138 1614 283 1660 etmatrem
294 1608 354 1660 eius
366 1607 509 1662 conubium
522 1609 570 1663 sit:
583 1610 629 1664 sed
641 1625 672 1665 en
679 1610 916 1664 senatusconsulto
928 1611 1094 1682 permittitur

139 1703 245 1742 causam
256 1689 357 1743 erroris
369 1691 494 1760 probare,
505 1689 580 1743 etita
592 1707 660 1744 uxor
670 1707 779 1763 quoque
791 1702 819 1746 et
830 1691 901 1746 filius
915 1695 950 1747 ad
958 1695 1094 1747 ciuitatem

137 1771 284 1827 Romanam
295 1772 469 1842 perueniunt,
480 1781 508 1826 et
514 1787 546 1826 en
559 1788 591 1827 66
604 1781 726 1844 tempore
738 1775 832 1844 incipit
841 1772 912 1827 lilius
922 1776 950 1828 in
961 1782 1095 1846 potestate

136 1856 222 1928 patris
237 1870 306 1910 esse.
332 1854 403 1909 idem
415 1856 480 1911 iuris
495 1863 548 1924 est,
563 1857 587 1910 si
601 1871 659 1911 eam
673 1872 722 1927 per
732 1856 911 1928 ignorantiam
922 1872 1032 1911 uxorem
1048 1856 1095 1911 du·

135 1940 217 2011 serit,
231 1954 299 2011 quae
310 1937 497 1994 dediticiorum
504 1955 617 1994 numero
630 1950 683 2008 est,
696 1939 748 1993 nisi
755 1938 828 2012 quod
841 1954 910 1994 uxor
920 1956 976 1994 non
988 1938 1017 1994 lit
1029 1941 1095 1995 ciuis

136 2021 263 2078 Romana.
298 2016 535 2079 ostensionis
548 2023 666 2078 Romana
678 2038 727 2094 per
738 2038 859 2077 errorem
874 2032 957 2095 nupta
970 2024 1004 2078 sit
1019 2038 1095 2095 pere·

136 2109 216 2179 grino
228 2115 363 2178 tamquam
375 2108 429 2162 ciui
439 2106 568 2175 Romano,
584 2107 752 2178 permittitur
763 2108 788 2160 ei
801 2123 909 2162 causam
920 2109 1020 2162 erroris
1032 2122 1095 2178 pro·

136 2188 210 2262 bare,
226 2198 253 2245 et
266 2192 304 2245 ita
318 2189 391 2245 tilius
404 2206 513 2262 qnoque
525 2192 582 2245 eius
595 2198 623 2244 et
633 2191 746 2245 maritus
758 2192 794 2244 ad
804 2191 940 2245 ciuitatem
951 2190 1095 2246 Romanam

136 2276 311 2344 perueniunt,
327 2284 355 2329 et
367 2288 452 2345 aeque
465 2273 546 2328 simul
559 2275 651 2345 incipit
662 2272 733 2329 filius
745 2278 774 2328 in
785 2282 920 2346 potestate
930 2276 1014 2346 patris
1024 2290 1094 2329 esse.

135 2356 207 2411 idem
226 2357 292 2410 iuris
313 2365 371 2425 est,
392 2358 415 2410 si
437 2359 580 2429 peregrino
609 2366 742 2430 tamqnam
762 2357 856 2413 latino
882 2375 914 2413 ex
939 2358 1000 2430 lege
1020 2358 1095 2413 Aelia

137 2438 229 2494 Sentia
250 2448 333 2512 nupta
352 2441 403 2508 sit3
431 2457 490 2496 nam
507 2449 535 2495 et
555 2440 588 2496 de
609 2440 662 2496 hoc
681 2441 834 2514 specialiter
859 2442 1095 2497 senatusconsulto

136 2532 258 2579 cauetur.
295 2522 366 2578 idem
386 2524 452 2578 iuris
474 2533 516 2580 est
536 2523 723 2597 aliquatenus,
745 2526 768 2579 si
783 2526 824 2594 ei,
846 2527 892 2596 qui
908 2525 1094 2581 dediticiorum

137 2623 249 2662 numero
270 2615 326 2678 est,
349 2617 484 2679 tamquam
504 2609 557 2662 ciui
577 2608 697 2663 Romano
720 2617 767 2662 aut
786 2606 879 2662 latino
901 2609 925 2662 ’e
945 2609 1007 2681 lege
1022 2609 1095 2664 notia

209 2761 229 2829 ¹)
242 2764 366 2829 Sequitur
376 2767 444 2813 lineo
454 2781 544 2814 66666.
601 2761 623 2828 ²)
638 2763 683 2812 Eae
697 2764 760 2814 Inst.
784 2763 837 2813 Sed
845 2768 1003 2829 sequentium
1015 2781 1096 2816 66666

135 2836 229 2885 addidi
244 2831 378 2899 ο6666666.
403 2842 430 2883 ut
444 2843 469 2884 et
484 2835 637 2897 Theophilus
650 2837 743 2899 lepisoe
755 2836 864 2884 uidetur.
917 2832 938 2900 υ)
953 2837 1024 2885 simul
1039 2851 1095 2898 ergo

136 2920 191 2954 cum
199 2904 292 2957 Seleu.
305 2904 396 2955 Gdselt.
407 2906 475 2969 quod
487 2912 565 2954 antea
579 2907 606 2953 in
620 2905 678 2955 edd.
689 2912 814 2954 retentum
824 2922 881 2954 curn
894 2908 940 2954 uix
953 2906 1031 2954 liuius
1044 2908 1097 2955 loci

136 2978 184 3034 sit,
204 2974 231 3024 in
248 2976 272 3025 0.
293 2978 332 3025 oet
350 2977 491 3039 archetypo
505 2977 595 3037 potius
610 2976 695 3039 fuerit
706 2981 782 3026 crom.
797 2978 956 3038 transposito
974 2992 997 3024 6.
1012 2975 1095 3035 simul;

137 3049 285 3096 nemetiam
300 3048 384 3109 silium
402 3047 481 3095 ciuem
500 3045 570 3095 Rom.
583 3046 695 3108 factum,
714 3048 739 3095 si
753 3062 803 3096 non
822 3053 892 3104 erat,
911 3054 998 3095 tacere
1016 3044 1096 3093 Gaius

138 3133 188 3166 non
198 3124 304 3179 poterat
317 3115 362 3180 (ef.
373 3129 394 3175 1,
404 3116 452 3179 66);
467 3116 516 3165 1666
525 3129 586 3164 uero
595 3124 699 3178 recepto
713 3118 789 3165 etium
798 3118 826 3165 in
836 3116 1040 3179 interpretandis
1054 3116 1096 3176 iis,

138 3202 202 3250 quae
208 3188 371 3250 praecedunt
380 3189 406 3235 in
414 3186 505 3236 Gdselt.
516 3185 753 3246 etBlultm.Selted.,
763 3187 864 3250 aliquid
873 3187 1020 3234 mutandum
1029 3193 1095 3234 erut

208 3323 538 3394 666-6166666.
610 3323 637 3394 ξ.
653 3330 695 3377 66.
718 3326 756 3388 Cf.
776 3325 831 3389 Uip.
847 3338 867 3384 6,
882 3337 903 3375 e
922 3340 1004 3388 supra
1018 3327 1041 3386 §-
1060 3338 1094 3377 te.

138 3393 163 3464 ξ.
179 3399 222 3446 66.
238 3395 275 3461 Cf.
291 3396 346 3460 Utp.
357 3410 377 3455 r,
386 3409 408 3447 4.
422 3406 444 3459 o,
454 3409 475 3448 o.
491 3398 564 3460 infra
574 3407 595 3456 e,
606 3407 651 3448 142.
667 3408 689 3454 a,
699 3409 720 3448 6.
732 3407 764 3447 ao.
786 3395 951 3453 Collatino.
965 3396 988 3457 ξ.
999 3407 1019 3447 o.
1031 3408 1064 3456 to,
1074 3408 1095 3448 6.

138 3469 179 3529 §5-
194 3480 212 3518 6.
228 3479 261 3519 15.
275 3482 357 3530 supra
371 3469 393 3530 ἓ.
409 3479 443 3518 ae.
467 3467 526 3516 Hoc
540 3468 788 3516 senatusconsultum
802 3467 934 3529 antiquius
945 3467 1028 3528 fuisse
1042 3469 1095 3517 alio

136 3537 184 3587 666
198 3537 337 3588 Hadriano
348 3540 434 3601 facto,
449 3545 559 3601 apparet
573 3552 607 3597 66
621 3549 641 3598 2,
657 3548 704 3586 142.
719 3547 766 3588 148·
820 3532 846 3603 ξ.
861 3538 903 3587 68.
920 3536 958 3601 Cf.
973 3537 1029 3601 Iltp.
1040 3551 1061 3596 6,
1074 3549 1095 3587 4.
