<?xml version="1.0" encoding="UTF-8"?>
<!DOCTYPE html PUBLIC "-//W3C//DTD XHTML 1.0 Transitional//EN"
    "http://www.w3.org/TR/xhtml1/DTD/xhtml1-transitional.dtd">
<html xmlns="http://www.w3.org/1999/xhtml" xml:lang="en" lang="en">
 <head>
  <title>
</title>
<meta http-equiv="Content-Type" content="text/html;charset=utf-8" />
  <meta name='ocr-system' content='tesseract 3.04.00' />
  <meta name='ocr-capabilities' content='ocr_page ocr_carea ocr_par ocr_line ocrx_word'/>
</head>
<body>
  <div class='ocr_page' id='page_1' title='image "./gaiiinstitution01kbgoog_0073.png"; bbox 0 0 2609 3942; ppageno 0'>
   <div class='ocr_carea' id='block_1_1' title="bbox 464 217 1128 284">
    <p class='ocr_par' dir='ltr' id='par_1_1' title="bbox 464 217 1128 284">
     <span class='ocr_line' id='line_1_1' title="bbox 464 217 1128 284; baseline 0.017 -16"><span class='ocrx_word' id='word_1_1' title='bbox 464 233 522 268; x_wconf 72' lang='lat' dir='ltr'>oen</span> <span class='ocrx_word' id='word_1_2' title='bbox 539 234 636 274; x_wconf 76' lang='lat' dir='ltr'>rueme.</span> <span class='ocrx_word' id='word_1_3' title='bbox 656 217 676 270; x_wconf 87' lang='lat'>1.</span> <span class='ocrx_word' id='word_1_4' title='bbox 695 222 835 272; x_wconf 75' lang='lat' dir='ltr'>tou-too.</span> <span class='ocrx_word' id='word_1_5' title='bbox 1064 218 1128 284; x_wconf 78' lang='grc'>213</span> 
     </span>
    </p>
   </div>
   <div class='ocr_carea' id='block_1_2' title="bbox 103 369 1190 1783">
    <p class='ocr_par' dir='ltr' id='par_1_2' title="bbox 103 369 1190 1783">
     <span class='ocr_line' id='line_1_2' title="bbox 173 369 1127 447; baseline 0.002 -19"><span class='ocrx_word' id='word_1_6' title='bbox 173 372 263 429; x_wconf 87' lang='lat' dir='ltr'>inerit.</span> <span class='ocrx_word' id='word_1_7' title='bbox 284 369 511 430; x_wconf 74' lang='lat' dir='ltr'>162.Minimaest</span> <span class='ocrx_word' id='word_1_8' title='bbox 523 376 620 447; x_wconf 89' lang='lat' dir='ltr'>eapitis</span> <span class='ocrx_word' id='word_1_9' title='bbox 632 373 783 442; x_wconf 77' lang='lat' dir='ltr'>diminutio,</span> <span class='ocrx_word' id='word_1_10' title='bbox 795 391 855 429; x_wconf 91' lang='lat' dir='ltr'>cum</span> <span class='ocrx_word' id='word_1_11' title='bbox 867 383 895 430; x_wconf 89' lang='lat' dir='ltr'>et</span> <span class='ocrx_word' id='word_1_12' title='bbox 906 375 1001 430; x_wconf 88' lang='lat' dir='ltr'>ciuitas</span> <span class='ocrx_word' id='word_1_13' title='bbox 1008 381 1036 430; x_wconf 88' lang='lat' dir='ltr'>et</span> <span class='ocrx_word' id='word_1_14' title='bbox 1047 373 1127 431; x_wconf 84' lang='lat' dir='ltr'>iiber-</span> 
     </span>
     <span class='ocr_line' id='line_1_3' title="bbox 173 457 1128 528; baseline 0.002 -15"><span class='ocrx_word' id='word_1_15' title='bbox 173 465 214 513; x_wconf 89' lang='lat' dir='ltr'>tas</span> <span class='ocrx_word' id='word_1_16' title='bbox 228 459 370 528; x_wconf 78' lang='lat' dir='ltr'>retinetur,</span> <span class='ocrx_word' id='word_1_17' title='bbox 386 457 435 513; x_wconf 92' lang='lat' dir='ltr'>sed</span> <span class='ocrx_word' id='word_1_18' title='bbox 450 465 535 512; x_wconf 91' lang='lat' dir='ltr'>status</span> <span class='ocrx_word' id='word_1_19' title='bbox 551 458 669 513; x_wconf 88' lang='lat' dir='ltr'>hominis</span> <span class='ocrx_word' id='word_1_20' title='bbox 685 466 882 524; x_wconf 60' lang='lat' dir='ltr'>commutatum</span> <span class='ocrx_word' id='word_1_21' title='bbox 903 458 975 528; x_wconf 88' lang='lat' dir='ltr'>quod</span> <span class='ocrx_word' id='word_1_22' title='bbox 991 459 1086 514; x_wconf 84' lang='lat' dir='ltr'>accidit</span> <span class='ocrx_word' id='word_1_23' title='bbox 1099 460 1128 515; x_wconf 89' lang='lat' dir='ltr'>in</span> 
     </span>
     <span class='ocr_line' id='line_1_4' title="bbox 172 540 1126 614; baseline 0.002 -19"><span class='ocrx_word' id='word_1_24' title='bbox 172 541 226 613; x_wconf 87' lang='lat' dir='ltr'>his,</span> <span class='ocrx_word' id='word_1_25' title='bbox 238 543 284 613; x_wconf 91' lang='lat' dir='ltr'>qui</span> <span class='ocrx_word' id='word_1_26' title='bbox 295 541 468 614; x_wconf 89' lang='lat' dir='ltr'>adoptantur,</span> <span class='ocrx_word' id='word_1_27' title='bbox 478 543 542 597; x_wconf 89' lang='lat' dir='ltr'>item</span> <span class='ocrx_word' id='word_1_28' title='bbox 555 543 582 596; x_wconf 90' lang='lat' dir='ltr'>in</span> <span class='ocrx_word' id='word_1_29' title='bbox 589 542 641 610; x_wconf 88' lang='lat' dir='ltr'>his,</span> <span class='ocrx_word' id='word_1_30' title='bbox 655 557 724 612; x_wconf 88' lang='lat' dir='ltr'>quae</span> <span class='ocrx_word' id='word_1_31' title='bbox 735 542 932 612; x_wconf 90' lang='lat' dir='ltr'>coemptionem</span> <span class='ocrx_word' id='word_1_32' title='bbox 938 540 1049 612; x_wconf 85' lang='lat' dir='ltr'>iaciunt,</span> <span class='ocrx_word' id='word_1_33' title='bbox 1061 544 1126 597; x_wconf 90' lang='lat' dir='ltr'>etin</span> 
     </span>
     <span class='ocr_line' id='line_1_5' title="bbox 172 625 1125 698; baseline 0.001 -19"><span class='ocrx_word' id='word_1_34' title='bbox 172 625 225 696; x_wconf 89' lang='lat' dir='ltr'>his,</span> <span class='ocrx_word' id='word_1_35' title='bbox 241 628 291 698; x_wconf 83' lang='lat' dir='ltr'>qui</span> <span class='ocrx_word' id='word_1_36' title='bbox 304 626 436 697; x_wconf 91' lang='lat' dir='ltr'>mancipio</span> <span class='ocrx_word' id='word_1_37' title='bbox 451 626 549 680; x_wconf 88' lang='lat' dir='ltr'>dantur</span> <span class='ocrx_word' id='word_1_38' title='bbox 565 627 666 698; x_wconf 87' lang='lat' dir='ltr'>quique</span> <span class='ocrx_word' id='word_1_39' title='bbox 681 640 712 678; x_wconf 84' lang='lat' dir='ltr'>cn</span> <span class='ocrx_word' id='word_1_40' title='bbox 729 625 922 695; x_wconf 80' lang='lat' dir='ltr'>mancipatione</span> <span class='ocrx_word' id='word_1_41' title='bbox 937 627 1125 680; x_wconf 88' lang='lat' dir='ltr'>manumittun-</span> 
     </span>
     <span class='ocr_line' id='line_1_6' title="bbox 173 703 1128 782; baseline 0.002 -20"><span class='ocrx_word' id='word_1_42' title='bbox 173 714 235 775; x_wconf 88' lang='lat' dir='ltr'>tur;</span> <span class='ocrx_word' id='word_1_43' title='bbox 256 708 322 763; x_wconf 87' lang='lat' dir='ltr'>adeo</span> <span class='ocrx_word' id='word_1_44' title='bbox 343 709 467 782; x_wconf 87' lang='lat' dir='ltr'>quidem,</span> <span class='ocrx_word' id='word_1_45' title='bbox 488 716 520 763; x_wconf 93' lang='lat' dir='ltr'>ut</span> <span class='ocrx_word' id='word_1_46' title='bbox 541 710 667 781; x_wconf 91' lang='lat' dir='ltr'>quotiens</span> <span class='ocrx_word' id='word_1_47' title='bbox 684 709 798 780; x_wconf 88' lang='lat' dir='ltr'>quisque</span> <span class='ocrx_word' id='word_1_48' title='bbox 814 709 989 779; x_wconf 79' lang='lat' dir='ltr'>mancipetur,</span> <span class='ocrx_word' id='word_1_49' title='bbox 1009 703 1082 780; x_wconf 68' lang='lat' dir='ltr'>’iant</span> <span class='ocrx_word' id='word_1_50' title='bbox 1097 715 1128 764; x_wconf 82' lang='lat' dir='ltr'>ut</span> 
     </span>
     <span class='ocr_line' id='line_1_7' title="bbox 173 785 1128 864; baseline -0.002 -17"><span class='ocrx_word' id='word_1_51' title='bbox 173 791 401 864; x_wconf 83' lang='lat' dir='ltr'>remancipetur)</span> <span class='ocrx_word' id='word_1_52' title='bbox 431 800 477 847; x_wconf 86' lang='lat' dir='ltr'>aut</span> <span class='ocrx_word' id='word_1_53' title='bbox 503 785 550 846; x_wconf 90' lang='lat' dir='ltr'>ut¹</span> <span class='ocrx_word' id='word_1_54' title='bbox 575 793 793 861; x_wconf 87' lang='lat' dir='ltr'>manumittatur,</span> <span class='ocrx_word' id='word_1_55' title='bbox 822 792 921 846; x_wconf 87' lang='lat' dir='ltr'>totiens</span> <span class='ocrx_word' id='word_1_56' title='bbox 944 793 1031 864; x_wconf 89' lang='lat' dir='ltr'>capite</span> <span class='ocrx_word' id='word_1_57' title='bbox 1053 791 1128 845; x_wconf 89' lang='lat' dir='ltr'>dimi-</span> 
     </span>
     <span class='ocr_line' id='line_1_8' title="bbox 172 868 1128 950; baseline -0.002 -19"><span class='ocrx_word' id='word_1_58' title='bbox 172 882 279 932; x_wconf 89' lang='lat' dir='ltr'>uuatur.</span> <span class='ocrx_word' id='word_1_59' title='bbox 318 871 383 933; x_wconf 82' lang='grc'>163.</span> <span class='ocrx_word' id='word_1_60' title='bbox 399 876 453 931; x_wconf 85' lang='lat' dir='ltr'>Nec</span> <span class='ocrx_word' id='word_1_61' title='bbox 471 874 559 930; x_wconf 89' lang='lat' dir='ltr'>solum</span> <span class='ocrx_word' id='word_1_62' title='bbox 579 876 729 931; x_wconf 68' lang='lat' dir='ltr'>maioribus</span> <span class='ocrx_word' id='word_1_63' title='bbox 744 868 893 950; x_wconf 81' lang='lat' dir='ltr'>(cepitis)²</span> <span class='ocrx_word' id='word_1_64' title='bbox 908 874 1128 930; x_wconf 86' lang='lat' dir='ltr'>diminutionibus</span> 
     </span>
     <span class='ocr_line' id='line_1_9' title="bbox 172 959 1129 1032; baseline -0.001 -18"><span class='ocrx_word' id='word_1_65' title='bbox 172 961 214 1014; x_wconf 88' lang='lat' dir='ltr'>ius</span> <span class='ocrx_word' id='word_1_66' title='bbox 229 960 402 1032; x_wconf 81' lang='lat' dir='ltr'>adgnationis</span> <span class='ocrx_word' id='word_1_67' title='bbox 418 961 609 1032; x_wconf 90' lang='lat' dir='ltr'>corrumpitur,</span> <span class='ocrx_word' id='word_1_68' title='bbox 625 967 667 1014; x_wconf 90' lang='lat' dir='ltr'>set</span> <span class='ocrx_word' id='word_1_69' title='bbox 681 961 761 1015; x_wconf 89' lang='lat' dir='ltr'>etiam</span> <span class='ocrx_word' id='word_1_70' title='bbox 777 961 897 1032; x_wconf 74' lang='lat' dir='ltr'>minima,</span> <span class='ocrx_word' id='word_1_71' title='bbox 922 967 950 1014; x_wconf 93' lang='lat' dir='ltr'>et</span> <span class='ocrx_word' id='word_1_72' title='bbox 969 959 1031 1013; x_wconf 84' lang='lat' dir='ltr'>ideo</span> <span class='ocrx_word' id='word_1_73' title='bbox 1052 959 1074 1012; x_wconf 90' lang='lat' dir='ltr'>si</span> <span class='ocrx_word' id='word_1_74' title='bbox 1097 974 1129 1013; x_wconf 78' lang='lat' dir='ltr'>en</span> 
     </span>
     <span class='ocr_line' id='line_1_10' title="bbox 173 1041 1129 1116; baseline 0.001 -20"><span class='ocrx_word' id='word_1_75' title='bbox 173 1042 281 1098; x_wconf 87' lang='lat' dir='ltr'>duobus</span> <span class='ocrx_word' id='word_1_76' title='bbox 295 1041 387 1098; x_wconf 83' lang='lat' dir='ltr'>liberis</span> <span class='ocrx_word' id='word_1_77' title='bbox 402 1043 515 1098; x_wconf 88' lang='lat' dir='ltr'>aiterum</span> <span class='ocrx_word' id='word_1_78' title='bbox 532 1052 608 1116; x_wconf 89' lang='lat' dir='ltr'>pater</span> <span class='ocrx_word' id='word_1_79' title='bbox 630 1045 850 1116; x_wconf 87' lang='lat' dir='ltr'>emancipauerit,</span> <span class='ocrx_word' id='word_1_80' title='bbox 873 1051 936 1116; x_wconf 88' lang='lat' dir='ltr'>post</span> <span class='ocrx_word' id='word_1_81' title='bbox 951 1042 1054 1097; x_wconf 81' lang='lat' dir='ltr'>obitum</span> <span class='ocrx_word' id='word_1_82' title='bbox 1070 1044 1129 1098; x_wconf 85' lang='lat' dir='ltr'>eius</span> 
     </span>
     <span class='ocr_line' id='line_1_11' title="bbox 172 1122 1125 1200; baseline -0.001 -19"><span class='ocrx_word' id='word_1_83' title='bbox 172 1135 269 1182; x_wconf 89' lang='lat' dir='ltr'>neuter</span> <span class='ocrx_word' id='word_1_84' title='bbox 290 1126 368 1182; x_wconf 85' lang='lat' dir='ltr'>adteri</span> <span class='ocrx_word' id='word_1_85' title='bbox 390 1129 539 1200; x_wconf 81' lang='lat' dir='ltr'>agnationis</span> <span class='ocrx_word' id='word_1_86' title='bbox 561 1129 619 1183; x_wconf 91' lang='lat' dir='ltr'>iure</span> <span class='ocrx_word' id='word_1_87' title='bbox 649 1136 725 1183; x_wconf 91' lang='lat' dir='ltr'>tutor</span> <span class='ocrx_word' id='word_1_88' title='bbox 747 1143 807 1183; x_wconf 88' lang='lat' dir='ltr'>esse</span> <span class='ocrx_word' id='word_1_89' title='bbox 829 1129 938 1199; x_wconf 89' lang='lat' dir='ltr'>poterit.</span> <span class='ocrx_word' id='word_1_90' title='bbox 977 1122 1040 1183; x_wconf 82' lang='lat'>164.</span> <span class='ocrx_word' id='word_1_91' title='bbox 1063 1125 1125 1180; x_wconf 84' lang='lat' dir='ltr'>Cum</span> 
     </span>
     <span class='ocr_line' id='line_1_12' title="bbox 173 1210 1129 1284; baseline 0 -20"><span class='ocrx_word' id='word_1_92' title='bbox 173 1217 262 1265; x_wconf 89' lang='lat' dir='ltr'>autem</span> <span class='ocrx_word' id='word_1_93' title='bbox 280 1210 313 1265; x_wconf 91' lang='lat' dir='ltr'>ad</span> <span class='ocrx_word' id='word_1_94' title='bbox 329 1220 442 1283; x_wconf 83' lang='lat' dir='ltr'>agnatos</span> <span class='ocrx_word' id='word_1_95' title='bbox 458 1211 543 1267; x_wconf 84' lang='lat' dir='ltr'>tutela</span> <span class='ocrx_word' id='word_1_96' title='bbox 558 1213 708 1284; x_wconf 90' lang='lat' dir='ltr'>pertineat,</span> <span class='ocrx_word' id='word_1_97' title='bbox 730 1228 787 1266; x_wconf 89' lang='lat' dir='ltr'>nou</span> <span class='ocrx_word' id='word_1_98' title='bbox 809 1211 887 1266; x_wconf 89' lang='lat' dir='ltr'>simui</span> <span class='ocrx_word' id='word_1_99' title='bbox 910 1210 942 1264; x_wconf 91' lang='lat' dir='ltr'>ad</span> <span class='ocrx_word' id='word_1_100' title='bbox 958 1226 1052 1265; x_wconf 86' lang='lat' dir='ltr'>omnes</span> <span class='ocrx_word' id='word_1_101' title='bbox 1068 1226 1129 1283; x_wconf 90' lang='lat' dir='ltr'>per·</span> 
     </span>
     <span class='ocr_line' id='line_1_13' title="bbox 103 1285 1004 1411; baseline -0.007 -57"><span class='ocrx_word' id='word_1_102' title='bbox 103 1299 159 1354; x_wconf 77' lang='lat'>{14⁰1</span> <span class='ocrx_word' id='word_1_103' title='bbox 174 1295 259 1411; x_wconf 59' lang='lat' dir='ltr'>pinet,</span> <span class='ocrx_word' id='word_1_104' title='bbox 279 1302 321 1349; x_wconf 87' lang='lat' dir='ltr'>set</span> <span class='ocrx_word' id='word_1_105' title='bbox 335 1294 369 1349; x_wconf 88' lang='lat' dir='ltr'>ad</span> <span class='ocrx_word' id='word_1_106' title='bbox 384 1310 430 1351; x_wconf 89' lang='lat' dir='ltr'>eos</span> <span class='ocrx_word' id='word_1_107' title='bbox 446 1303 566 1366; x_wconf 91' lang='lat' dir='ltr'>tantum,</span> <span class='ocrx_word' id='word_1_108' title='bbox 588 1297 634 1368; x_wconf 89' lang='lat' dir='ltr'>qui</span> <span class='ocrx_word' id='word_1_109' title='bbox 649 1297 772 1367; x_wconf 80' lang='lat' dir='ltr'>proximo</span> <span class='ocrx_word' id='word_1_110' title='bbox 788 1294 873 1368; x_wconf 84' lang='lat' dir='ltr'>gradu</span> <span class='ocrx_word' id='word_1_111' title='bbox 889 1285 983 1348; x_wconf 85' lang='lat' dir='ltr'>sunt.³</span> <span class='ocrx_word' id='word_1_112' title='bbox 999 1286 1004 1369; x_wconf 87' lang='grc' dir='ltr'>Ι</span> 
     </span>
     <span class='ocr_line' id='line_1_14' title="bbox 190 1372 1187 1438; baseline 0.002 -6"><span class='ocrx_word' id='word_1_113' title='bbox 190 1409 594 1417; x_wconf 72' lang='lat'><em>---—-———-—-——-—</em></span> <span class='ocrx_word' id='word_1_114' title='bbox 608 1396 650 1435; x_wconf 87' lang='lat' dir='ltr'>rv.</span> <span class='ocrx_word' id='word_1_115' title='bbox 665 1379 713 1438; x_wconf 82' lang='lat'>16.</span> <span class='ocrx_word' id='word_1_116' title='bbox 726 1407 1128 1416; x_wconf 78' lang='lat'>———-——-</span> <span class='ocrx_word' id='word_1_117' title='bbox 1146 1372 1187 1419; x_wconf 78' lang='lat'>45·</span> 
     </span>
     <span class='ocr_line' id='line_1_15' title="bbox 236 1439 1190 1534; baseline -0.001 -18"><span class='ocrx_word' id='word_1_118' title='bbox 236 1456 297 1517; x_wconf 77' lang='lat'><strong>165.</strong></span> <span class='ocrx_word' id='word_1_119' title='bbox 324 1460 361 1515; x_wconf 81' lang='lat' dir='ltr'>Ex</span> <span class='ocrx_word' id='word_1_120' title='bbox 384 1462 475 1516; x_wconf 90' lang='lat' dir='ltr'>eadem</span> <span class='ocrx_word' id='word_1_121' title='bbox 503 1460 564 1534; x_wconf 84' lang='lat' dir='ltr'>iege</span> <span class='ocrx_word' id='word_1_122' title='bbox 586 1462 728 1517; x_wconf 84' lang='lat' dir='ltr'>duodecim</span> <span class='ocrx_word' id='word_1_123' title='bbox 750 1461 901 1516; x_wconf 83' lang='lat' dir='ltr'>tabularum</span> <span class='ocrx_word' id='word_1_124' title='bbox 924 1444 1079 1515; x_wconf 79' lang='lat' dir='ltr'>libertorum</span> <span class='ocrx_word' id='word_1_125' title='bbox 1101 1439 1190 1515; x_wconf 62' lang='grc' dir='ltr'>111ιιι</span> 
     </span>
     <span class='ocr_line' id='line_1_16' title="bbox 173 1543 1129 1618; baseline 0.003 -22"><span class='ocrx_word' id='word_1_126' title='bbox 173 1543 334 1614; x_wconf 89' lang='lat' dir='ltr'>inpuberum</span> <span class='ocrx_word' id='word_1_127' title='bbox 356 1543 515 1599; x_wconf 88' lang='lat' dir='ltr'>libertorum</span> <span class='ocrx_word' id='word_1_128' title='bbox 537 1545 622 1600; x_wconf 88' lang='lat' dir='ltr'>tuteia</span> <span class='ocrx_word' id='word_1_129' title='bbox 645 1545 677 1600; x_wconf 87' lang='lat' dir='ltr'>ad</span> <span class='ocrx_word' id='word_1_130' title='bbox 706 1552 835 1618; x_wconf 88' lang='lat' dir='ltr'>patronos</span> <span class='ocrx_word' id='word_1_131' title='bbox 858 1545 1013 1617; x_wconf 83' lang='lat' dir='ltr'>liberosque</span> <span class='ocrx_word' id='word_1_132' title='bbox 1035 1560 1129 1600; x_wconf 89' lang='lat' dir='ltr'>eorum</span> 
     </span>
     <span class='ocr_line' id='line_1_17' title="bbox 174 1627 1129 1699; baseline 0.003 -20"><span class='ocrx_word' id='word_1_133' title='bbox 174 1627 309 1698; x_wconf 72' lang='lat' dir='ltr'>pertinet,</span> <span class='ocrx_word' id='word_1_134' title='bbox 324 1642 392 1696; x_wconf 86' lang='lat' dir='ltr'>qnae</span> <span class='ocrx_word' id='word_1_135' title='bbox 407 1635 435 1681; x_wconf 93' lang='lat' dir='ltr'>et</span> <span class='ocrx_word' id='word_1_136' title='bbox 450 1628 507 1698; x_wconf 90' lang='lat' dir='ltr'>ipsa</span> <span class='ocrx_word' id='word_1_137' title='bbox 524 1627 606 1681; x_wconf 88' lang='lat' dir='ltr'>tutela</span> <span class='ocrx_word' id='word_1_138' title='bbox 620 1628 740 1698; x_wconf 81' lang='lat' dir='ltr'>legitima</span> <span class='ocrx_word' id='word_1_139' title='bbox 756 1637 880 1698; x_wconf 85' lang='lat' dir='ltr'>uocatur,</span> <span class='ocrx_word' id='word_1_140' title='bbox 895 1645 951 1683; x_wconf 84' lang='lat' dir='ltr'>non</span> <span class='ocrx_word' id='word_1_141' title='bbox 964 1631 1031 1699; x_wconf 83' lang='lat' dir='ltr'>quio</span> <span class='ocrx_word' id='word_1_142' title='bbox 1043 1631 1129 1684; x_wconf 82' lang='lat' dir='ltr'>nomi·</span> 
     </span>
     <span class='ocr_line' id='line_1_18' title="bbox 174 1707 1130 1783; baseline 0.001 -20"><span class='ocrx_word' id='word_1_143' title='bbox 174 1712 264 1763; x_wconf 84' lang='lat' dir='ltr'>notim</span> <span class='ocrx_word' id='word_1_144' title='bbox 279 1723 310 1762; x_wconf 89' lang='lat' dir='ltr'>ea</span> <span class='ocrx_word' id='word_1_145' title='bbox 325 1707 386 1780; x_wconf 82' lang='lat' dir='ltr'>lege</span> <span class='ocrx_word' id='word_1_146' title='bbox 401 1707 434 1762; x_wconf 92' lang='lat' dir='ltr'>de</span> <span class='ocrx_word' id='word_1_147' title='bbox 450 1709 498 1764; x_wconf 85' lang='lat' dir='ltr'>hac</span> <span class='ocrx_word' id='word_1_148' title='bbox 514 1709 598 1764; x_wconf 88' lang='lat' dir='ltr'>tutela</span> <span class='ocrx_word' id='word_1_149' title='bbox 612 1718 739 1779; x_wconf 81' lang='lat' dir='ltr'>cauetur,</span> <span class='ocrx_word' id='word_1_150' title='bbox 754 1713 879 1783; x_wconf 74' lang='lat' dir='ltr'>seuqnta</span> <span class='ocrx_word' id='word_1_151' title='bbox 895 1711 1007 1782; x_wconf 80' lang='lat' dir='ltr'>proinde</span> <span class='ocrx_word' id='word_1_152' title='bbox 1023 1717 1130 1782; x_wconf 86' lang='lat' dir='ltr'>accepte</span> 
     </span>
    </p>
   </div>
   <div class='ocr_carea' id='block_1_3' title="bbox 169 1862 1130 3195">
    <p class='ocr_par' dir='ltr' id='par_1_3' title="bbox 169 1862 1130 3195">
     <span class='ocr_line' id='line_1_19' title="bbox 249 1862 1129 1931; baseline 0.002 -18"><span class='ocrx_word' id='word_1_153' title='bbox 249 1862 270 1930; x_wconf 91' lang='lat'>¹)</span> <span class='ocrx_word' id='word_1_154' title='bbox 284 1872 325 1913; x_wconf 82' lang='lat' dir='ltr'>eut</span> <span class='ocrx_word' id='word_1_155' title='bbox 339 1864 378 1931; x_wconf 84' lang='lat' dir='ltr'>(ut</span> <span class='ocrx_word' id='word_1_156' title='bbox 390 1873 473 1914; x_wconf 84' lang='lat' dir='ltr'>tamen</span> <span class='ocrx_word' id='word_1_157' title='bbox 487 1866 571 1914; x_wconf 83' lang='lat' dir='ltr'>media</span> <span class='ocrx_word' id='word_1_158' title='bbox 585 1867 674 1915; x_wconf 83' lang='lat' dir='ltr'>littera</span> <span class='ocrx_word' id='word_1_159' title='bbox 683 1867 759 1914; x_wconf 84' lang='lat' dir='ltr'>etiam</span> <span class='ocrx_word' id='word_1_160' title='bbox 770 1881 782 1913; x_wconf 90' lang='lat' dir='ltr'>e</span> <span class='ocrx_word' id='word_1_161' title='bbox 792 1868 832 1915; x_wconf 85' lang='lat' dir='ltr'>nel</span> <span class='ocrx_word' id='word_1_162' title='bbox 841 1867 856 1915; x_wconf 90' lang='lat' dir='ltr'>d</span> <span class='ocrx_word' id='word_1_163' title='bbox 865 1867 983 1928; x_wconf 81' lang='lat' dir='ltr'>potuerit</span> <span class='ocrx_word' id='word_1_164' title='bbox 991 1863 1056 1931; x_wconf 83' lang='lat' dir='ltr'>esse)</span> <span class='ocrx_word' id='word_1_165' title='bbox 1074 1867 1102 1915; x_wconf 88' lang='lat' dir='ltr'><em>V</em></span> <span class='ocrx_word' id='word_1_166' title='bbox 1101 1863 1129 1914; x_wconf 53' lang='lat' dir='ltr'>ff.</span> 
     </span>
     <span class='ocr_line' id='line_1_20' title="bbox 174 1935 1130 2001; baseline 0.001 -17"><span class='ocrx_word' id='word_1_167' title='bbox 174 1943 247 2000; x_wconf 81' lang='lat' dir='ltr'>etque</span> <span class='ocrx_word' id='word_1_168' title='bbox 260 1951 295 1984; x_wconf 84' lang='lat' dir='ltr'>eac</span> <span class='ocrx_word' id='word_1_169' title='bbox 305 1935 411 1984; x_wconf 82' lang='lat' dir='ltr'>Lacdm.</span> <span class='ocrx_word' id='word_1_170' title='bbox 422 1938 454 1998; x_wconf 77' lang='lat' dir='ltr'>ej.</span> <span class='ocrx_word' id='word_1_171' title='bbox 466 1936 506 1984; x_wconf 86' lang='lat' dir='ltr'>ed.</span> <span class='ocrx_word' id='word_1_172' title='bbox 517 1951 571 1984; x_wconf 86' lang='lat' dir='ltr'>meo</span> <span class='ocrx_word' id='word_1_173' title='bbox 581 1948 601 1987; x_wconf 81' lang='lat' dir='ltr'>e.</span> <span class='ocrx_word' id='word_1_174' title='bbox 621 1936 692 1984; x_wconf 75' lang='lat' dir='ltr'>Atii.-</span> <span class='ocrx_word' id='word_1_175' title='bbox 705 1952 742 1985; x_wconf 82' lang='lat' dir='ltr'>ae.</span> <span class='ocrx_word' id='word_1_176' title='bbox 768 1936 833 1986; x_wconf 77' lang='lat' dir='ltr'>Coae</span> <span class='ocrx_word' id='word_1_177' title='bbox 842 1952 903 1986; x_wconf 82' lang='lat' dir='ltr'>vero</span> <span class='ocrx_word' id='word_1_178' title='bbox 914 1939 998 2001; x_wconf 77' lang='lat' dir='ltr'>lepos:</span> <span class='ocrx_word' id='word_1_179' title='bbox 1007 1945 1062 1993; x_wconf 84' lang='lat' dir='ltr'>aot,·</span> <span class='ocrx_word' id='word_1_180' title='bbox 1072 1953 1130 1985; x_wconf 85' lang='lat' dir='ltr'>nam</span> 
     </span>
     <span class='ocr_line' id='line_1_21' title="bbox 174 2007 1130 2070; baseline 0.001 -15"><span class='ocrx_word' id='word_1_181' title='bbox 174 2013 202 2055; x_wconf 85' lang='lat' dir='ltr'>ut</span> <span class='ocrx_word' id='word_1_182' title='bbox 210 2019 300 2054; x_wconf 82' lang='lat' dir='ltr'>servus</span> <span class='ocrx_word' id='word_1_183' title='bbox 309 2013 334 2054; x_wconf 84' lang='lat' dir='ltr'>et</span> <span class='ocrx_word' id='word_1_184' title='bbox 343 2007 388 2069; x_wconf 85' lang='lat' dir='ltr'>qui</span> <span class='ocrx_word' id='word_1_185' title='bbox 397 2008 424 2054; x_wconf 87' lang='lat' dir='ltr'>in</span> <span class='ocrx_word' id='word_1_186' title='bbox 434 2008 524 2055; x_wconf 80' lang='lat' dir='ltr'>servili</span> <span class='ocrx_word' id='word_1_187' title='bbox 534 2008 686 2057; x_wconf 84' lang='lat' dir='ltr'>condicione</span> <span class='ocrx_word' id='word_1_188' title='bbox 696 2014 741 2064; x_wconf 84' lang='lat' dir='ltr'>cst,</span> <span class='ocrx_word' id='word_1_189' title='bbox 756 2015 834 2070; x_wconf 85' lang='lat' dir='ltr'>caput</span> <span class='ocrx_word' id='word_1_190' title='bbox 844 2008 982 2070; x_wconf 78' lang='lat' dir='ltr'>infantilia</span> <span class='ocrx_word' id='word_1_191' title='bbox 992 2022 1042 2056; x_wconf 85' lang='lat' dir='ltr'>non</span> <span class='ocrx_word' id='word_1_192' title='bbox 1056 2007 1130 2056; x_wconf 79' lang='lat' dir='ltr'>dedet</span> 
     </span>
     <span class='ocr_line' id='line_1_22' title="bbox 172 2075 1129 2142; baseline -0.001 -15"><span class='ocrx_word' id='word_1_193' title='bbox 172 2075 207 2142; x_wconf 68' lang='grc' dir='ltr'>(ἕ.</span> <span class='ocrx_word' id='word_1_194' title='bbox 218 2089 239 2127; x_wconf 82' lang='lat'>4.</span> <span class='ocrx_word' id='word_1_195' title='bbox 250 2076 271 2124; x_wconf 90' lang='grc' dir='ltr'>Ι.</span> <span class='ocrx_word' id='word_1_196' title='bbox 282 2076 303 2124; x_wconf 85' lang='grc' dir='ltr'>Ιι.</span> <span class='ocrx_word' id='word_1_197' title='bbox 317 2077 359 2140; x_wconf 89' lang='lat' dir='ltr'>t.);</span> <span class='ocrx_word' id='word_1_198' title='bbox 378 2092 459 2139; x_wconf 82' lang='lat' dir='ltr'>quare</span> <span class='ocrx_word' id='word_1_199' title='bbox 473 2077 542 2140; x_wconf 84' lang='lat' dir='ltr'>qood</span> <span class='ocrx_word' id='word_1_200' title='bbox 555 2094 623 2127; x_wconf 83' lang='lat' dir='ltr'>nunc</span> <span class='ocrx_word' id='word_1_201' title='bbox 636 2079 760 2141; x_wconf 80' lang='lat' dir='ltr'>supplevi,</span> <span class='ocrx_word' id='word_1_202' title='bbox 775 2080 832 2141; x_wconf 82' lang='lat' dir='ltr'>ipsa</span> <span class='ocrx_word' id='word_1_203' title='bbox 846 2079 914 2126; x_wconf 82' lang='lat' dir='ltr'>ioris</span> <span class='ocrx_word' id='word_1_204' title='bbox 928 2079 996 2126; x_wconf 82' lang='lat' dir='ltr'>ratio</span> <span class='ocrx_word' id='word_1_205' title='bbox 1007 2079 1129 2140; x_wconf 85' lang='lat' dir='ltr'>postulat.</span> 
     </span>
     <span class='ocr_line' id='line_1_23' title="bbox 174 2143 1130 2212; baseline 0.003 -19"><span class='ocrx_word' id='word_1_206' title='bbox 174 2143 300 2212; x_wconf 79' lang='lat' dir='ltr'>¹)muiore</span> <span class='ocrx_word' id='word_1_207' title='bbox 317 2145 342 2194; x_wconf 81' lang='lat'>0.</span> <span class='ocrx_word' id='word_1_208' title='bbox 366 2146 499 2195; x_wconf 80' lang='lat' dir='ltr'>maioribus</span> <span class='ocrx_word' id='word_1_209' title='bbox 518 2147 574 2196; x_wconf 86' lang='lat' dir='ltr'>edd.</span> <span class='ocrx_word' id='word_1_210' title='bbox 639 2144 660 2211; x_wconf 83' lang='lat'>⁸)</span> <span class='ocrx_word' id='word_1_211' title='bbox 676 2149 800 2212; x_wconf 75' lang='lat' dir='ltr'>Reliquus</span> <span class='ocrx_word' id='word_1_212' title='bbox 817 2162 907 2197; x_wconf 84' lang='lat' dir='ltr'>versus</span> <span class='ocrx_word' id='word_1_213' title='bbox 926 2150 1020 2197; x_wconf 82' lang='lat' dir='ltr'>titteris</span> <span class='ocrx_word' id='word_1_214' title='bbox 1034 2162 1130 2196; x_wconf 80' lang='lat' dir='ltr'>vacuus</span> 
     </span>
     <span class='ocr_line' id='line_1_24' title="bbox 172 2215 1130 2284; baseline 0.001 -18"><span class='ocrx_word' id='word_1_215' title='bbox 172 2224 219 2274; x_wconf 80' lang='lat' dir='ltr'>eet,</span> <span class='ocrx_word' id='word_1_216' title='bbox 233 2223 339 2279; x_wconf 74' lang='lat' dir='ltr'>utpotae</span> <span class='ocrx_word' id='word_1_217' title='bbox 353 2217 380 2264; x_wconf 84' lang='lat' dir='ltr'>in</span> <span class='ocrx_word' id='word_1_218' title='bbox 394 2216 479 2265; x_wconf 85' lang='lat' dir='ltr'>Instit.</span> <span class='ocrx_word' id='word_1_219' title='bbox 493 2225 649 2280; x_wconf 81' lang='lat' dir='ltr'>sequuntur:</span> <span class='ocrx_word' id='word_1_220' title='bbox 669 2215 723 2267; x_wconf 85' lang='lat' dir='ltr'>‘cel</span> <span class='ocrx_word' id='word_1_221' title='bbox 736 2221 760 2267; x_wconf 85' lang='lat' dir='ltr'>si</span> <span class='ocrx_word' id='word_1_222' title='bbox 778 2216 891 2284; x_wconf 76' lang='lat' dir='ltr'>(plures)</span> <span class='ocrx_word' id='word_1_223' title='bbox 905 2219 1017 2268; x_wconf 78' lang='lat' dir='ltr'>eiusdem</span> <span class='ocrx_word' id='word_1_224' title='bbox 1029 2218 1130 2283; x_wconf 75' lang='lat' dir='ltr'>produt</span> 
     </span>
     <span class='ocr_line' id='line_1_25' title="bbox 171 2283 1128 2352; baseline 0.001 -16"><span class='ocrx_word' id='word_1_225' title='bbox 171 2289 235 2343; x_wconf 77' lang='lat' dir='ltr'>sint,</span> <span class='ocrx_word' id='word_1_226' title='bbox 253 2286 289 2334; x_wconf 86' lang='lat' dir='ltr'>ad</span> <span class='ocrx_word' id='word_1_227' title='bbox 305 2283 404 2335; x_wconf 83' lang='lat' dir='ltr'>omnes&#39;</span> <span class='ocrx_word' id='word_1_228' title='bbox 428 2285 529 2336; x_wconf 82' lang='lat' dir='ltr'>Gaiana</span> <span class='ocrx_word' id='word_1_229' title='bbox 543 2303 593 2337; x_wconf 81' lang='lat' dir='ltr'>non</span> <span class='ocrx_word' id='word_1_230' title='bbox 608 2303 663 2338; x_wconf 81' lang='lat' dir='ltr'>esse</span> <span class='ocrx_word' id='word_1_231' title='bbox 680 2291 841 2338; x_wconf 81' lang='lat' dir='ltr'>statuendum</span> <span class='ocrx_word' id='word_1_232' title='bbox 855 2291 896 2338; x_wconf 85' lang='lat' dir='ltr'>sit.</span> <span class='ocrx_word' id='word_1_233' title='bbox 929 2289 1010 2352; x_wconf 81' lang='lat' dir='ltr'>quue</span> <span class='ocrx_word' id='word_1_234' title='bbox 1024 2304 1053 2338; x_wconf 90' lang='lat' dir='ltr'>eo</span> <span class='ocrx_word' id='word_1_235' title='bbox 1068 2304 1128 2339; x_wconf 84' lang='lat' dir='ltr'>con·</span> 
     </span>
     <span class='ocr_line' id='line_1_26' title="bbox 169 2357 1129 2424; baseline 0.004 -20"><span class='ocrx_word' id='word_1_236' title='bbox 169 2358 300 2421; x_wconf 77' lang='lat' dir='ltr'>firmatur,</span> <span class='ocrx_word' id='word_1_237' title='bbox 314 2357 383 2419; x_wconf 82' lang='lat' dir='ltr'>quod</span> <span class='ocrx_word' id='word_1_238' title='bbox 396 2357 423 2405; x_wconf 84' lang='lat' dir='ltr'>in</span> <span class='ocrx_word' id='word_1_239' title='bbox 438 2359 508 2406; x_wconf 82' lang='lat' dir='ltr'>nullo</span> <span class='ocrx_word' id='word_1_240' title='bbox 522 2366 632 2409; x_wconf 83' lang='lat' dir='ltr'>tutorum</span> <span class='ocrx_word' id='word_1_241' title='bbox 643 2375 739 2424; x_wconf 78' lang='lat' dir='ltr'>penore</span> <span class='ocrx_word' id='word_1_242' title='bbox 755 2359 835 2409; x_wconf 84' lang='lat' dir='ltr'>Gaios</span> <span class='ocrx_word' id='word_1_243' title='bbox 849 2361 1039 2418; x_wconf 83' lang='lat' dir='ltr'>animadvertit,</span> <span class='ocrx_word' id='word_1_244' title='bbox 1053 2363 1129 2408; x_wconf 86' lang='lat' dir='ltr'>etiam</span> 
     </span>
     <span class='ocr_line' id='line_1_27' title="bbox 169 2428 1129 2495; baseline 0.004 -21"><span class='ocrx_word' id='word_1_245' title='bbox 169 2429 262 2490; x_wconf 80' lang='lat' dir='ltr'>plures</span> <span class='ocrx_word' id='word_1_246' title='bbox 272 2441 400 2488; x_wconf 81' lang='lat' dir='ltr'>personae</span> <span class='ocrx_word' id='word_1_247' title='bbox 413 2430 516 2476; x_wconf 84' lang='lat' dir='ltr'>tutelam</span> <span class='ocrx_word' id='word_1_248' title='bbox 530 2432 648 2478; x_wconf 82' lang='lat' dir='ltr'>nancisei</span> <span class='ocrx_word' id='word_1_249' title='bbox 658 2446 742 2493; x_wconf 82' lang='lat' dir='ltr'>posse.</span> <span class='ocrx_word' id='word_1_250' title='bbox 820 2428 842 2495; x_wconf 84' lang='lat'>⁴)</span> <span class='ocrx_word' id='word_1_251' title='bbox 857 2431 888 2478; x_wconf 85' lang='lat' dir='ltr'>In</span> <span class='ocrx_word' id='word_1_252' title='bbox 903 2432 953 2479; x_wconf 83' lang='lat' dir='ltr'>dac</span> <span class='ocrx_word' id='word_1_253' title='bbox 966 2432 1075 2494; x_wconf 78' lang='lat' dir='ltr'>popina,</span> <span class='ocrx_word' id='word_1_254' title='bbox 1094 2445 1129 2478; x_wconf 72' lang='lat' dir='ltr'>eor</span> 
     </span>
     <span class='ocr_line' id='line_1_28' title="bbox 173 2498 1130 2563; baseline 0.002 -17"><span class='ocrx_word' id='word_1_255' title='bbox 173 2513 224 2563; x_wconf 84' lang='lat' dir='ltr'>qua</span> <span class='ocrx_word' id='word_1_256' title='bbox 243 2512 322 2560; x_wconf 81' lang='lat' dir='ltr'>usque</span> <span class='ocrx_word' id='word_1_257' title='bbox 339 2498 375 2547; x_wconf 84' lang='lat' dir='ltr'>od</span> <span class='ocrx_word' id='word_1_258' title='bbox 392 2515 414 2546; x_wconf 89' lang='lat' dir='ltr'>o.</span> <span class='ocrx_word' id='word_1_259' title='bbox 434 2510 467 2550; x_wconf 77' lang='grc'>17.</span> <span class='ocrx_word' id='word_1_260' title='bbox 487 2500 562 2548; x_wconf 84' lang='lat' dir='ltr'>etiam</span> <span class='ocrx_word' id='word_1_261' title='bbox 579 2499 753 2549; x_wconf 82' lang='lat' dir='ltr'>Studemondo</span> <span class='ocrx_word' id='word_1_262' title='bbox 772 2516 859 2563; x_wconf 83' lang='lat' dir='ltr'>panea</span> <span class='ocrx_word' id='word_1_263' title='bbox 880 2508 976 2548; x_wconf 84' lang='lat' dir='ltr'>tantum</span> <span class='ocrx_word' id='word_1_264' title='bbox 995 2499 1130 2549; x_wconf 82' lang='lat' dir='ltr'>verbovel</span> 
     </span>
     <span class='ocr_line' id='line_1_29' title="bbox 173 2569 1129 2629; baseline 0 -12"><span class='ocrx_word' id='word_1_265' title='bbox 173 2570 283 2629; x_wconf 82' lang='lat' dir='ltr'>litterae,</span> <span class='ocrx_word' id='word_1_266' title='bbox 302 2570 370 2617; x_wconf 84' lang='lat' dir='ltr'>velut</span> <span class='ocrx_word' id='word_1_267' title='bbox 387 2585 410 2618; x_wconf 87' lang='lat' dir='ltr'>o.</span> <span class='ocrx_word' id='word_1_268' title='bbox 425 2580 445 2620; x_wconf 84' lang='lat'>5.</span> <span class='ocrx_word' id='word_1_269' title='bbox 460 2569 518 2617; x_wconf 88' lang='lat' dir='ltr'>urhe</span> <span class='ocrx_word' id='word_1_270' title='bbox 533 2586 555 2618; x_wconf 88' lang='lat' dir='ltr'>o.</span> <span class='ocrx_word' id='word_1_271' title='bbox 570 2581 590 2620; x_wconf 82' lang='grc'>6.</span> <span class='ocrx_word' id='word_1_272' title='bbox 606 2571 709 2618; x_wconf 87' lang='lat' dir='ltr'>screnim</span> <span class='ocrx_word' id='word_1_273' title='bbox 724 2587 746 2617; x_wconf 86' lang='grc' dir='ltr'>υ.</span> <span class='ocrx_word' id='word_1_274' title='bbox 761 2581 780 2619; x_wconf 81' lang='lat' dir='ltr'>s.</span> <span class='ocrx_word' id='word_1_275' title='bbox 801 2571 824 2617; x_wconf 91' lang='lat' dir='ltr'>in</span> <span class='ocrx_word' id='word_1_276' title='bbox 843 2571 901 2617; x_wconf 85' lang='lat' dir='ltr'>urbe</span> <span class='ocrx_word' id='word_1_277' title='bbox 919 2571 991 2618; x_wconf 86' lang='lat' dir='ltr'>Roma</span> <span class='ocrx_word' id='word_1_278' title='bbox 1006 2587 1027 2618; x_wconf 87' lang='lat' dir='ltr'>o.</span> <span class='ocrx_word' id='word_1_279' title='bbox 1043 2582 1063 2621; x_wconf 83' lang='grc'>9.</span> <span class='ocrx_word' id='word_1_280' title='bbox 1084 2570 1129 2617; x_wconf 88' lang='lat' dir='ltr'>ita-</span> 
     </span>
     <span class='ocr_line' id='line_1_30' title="bbox 173 2639 1129 2703; baseline 0 -15"><span class='ocrx_word' id='word_1_281' title='bbox 173 2654 219 2703; x_wconf 88' lang='lat' dir='ltr'>que</span> <span class='ocrx_word' id='word_1_282' title='bbox 234 2646 260 2687; x_wconf 91' lang='lat' dir='ltr'>ut</span> <span class='ocrx_word' id='word_1_283' title='bbox 274 2654 328 2687; x_wconf 89' lang='lat' dir='ltr'>seru</span> <span class='ocrx_word' id='word_1_284' title='bbox 340 2676 345 2688; x_wconf 93' lang='lat'><strong>.</strong></span> <span class='ocrx_word' id='word_1_285' title='bbox 358 2675 363 2687; x_wconf 93' lang='lat'><strong>.</strong></span> <span class='ocrx_word' id='word_1_286' title='bbox 375 2675 399 2691; x_wconf 86' lang='lat'>..</span> <span class='ocrx_word' id='word_1_287' title='bbox 415 2648 452 2688; x_wconf 89' lang='lat' dir='ltr'>est</span> <span class='ocrx_word' id='word_1_288' title='bbox 465 2641 602 2699; x_wconf 77' lang='lat' dir='ltr'>expiscari</span> <span class='ocrx_word' id='word_1_289' title='bbox 616 2642 698 2700; x_wconf 83' lang='lat' dir='ltr'>licuit,</span> <span class='ocrx_word' id='word_1_290' title='bbox 713 2646 782 2686; x_wconf 84' lang='lat' dir='ltr'>recte</span> <span class='ocrx_word' id='word_1_291' title='bbox 796 2639 889 2687; x_wconf 82' lang='lat' dir='ltr'>Hottw.</span> <span class='ocrx_word' id='word_1_292' title='bbox 903 2643 1002 2698; x_wconf 82' lang='lat' dir='ltr'>statuit,</span> <span class='ocrx_word' id='word_1_293' title='bbox 1017 2641 1129 2703; x_wconf 85' lang='lat' dir='ltr'>primum</span> 
     </span>
     <span class='ocr_line' id='line_1_31' title="bbox 173 2709 1128 2774; baseline -0.001 -15"><span class='ocrx_word' id='word_1_294' title='bbox 173 2711 256 2760; x_wconf 79' lang='lat' dir='ltr'>locum</span> <span class='ocrx_word' id='word_1_295' title='bbox 274 2711 385 2758; x_wconf 80' lang='lat' dir='ltr'>tenuisse</span> <span class='ocrx_word' id='word_1_296' title='bbox 403 2711 435 2758; x_wconf 84' lang='lat' dir='ltr'>de</span> <span class='ocrx_word' id='word_1_297' title='bbox 455 2711 568 2774; x_wconf 78' lang='lat' dir='ltr'>lepitima</span> <span class='ocrx_word' id='word_1_298' title='bbox 584 2711 718 2774; x_wconf 74' lang='lat' dir='ltr'>pentilt&#39;um</span> <span class='ocrx_word' id='word_1_299' title='bbox 736 2710 816 2756; x_wconf 70' lang='lat' dir='ltr'>tuceta</span> <span class='ocrx_word' id='word_1_300' title='bbox 834 2709 1030 2770; x_wconf 82' lang='lat' dir='ltr'>disputationem</span> <span class='ocrx_word' id='word_1_301' title='bbox 1044 2717 1068 2758; x_wconf 86' lang='lat' dir='ltr'>et</span> <span class='ocrx_word' id='word_1_302' title='bbox 1084 2725 1128 2758; x_wconf 84' lang='lat' dir='ltr'>eu·</span> 
     </span>
     <span class='ocr_line' id='line_1_32' title="bbox 172 2778 1129 2843; baseline -0.001 -14"><span class='ocrx_word' id='word_1_303' title='bbox 172 2782 270 2829; x_wconf 81' lang='lat' dir='ltr'>riosam</span> <span class='ocrx_word' id='word_1_304' title='bbox 283 2780 395 2843; x_wconf 83' lang='lat' dir='ltr'>quidem,</span> <span class='ocrx_word' id='word_1_305' title='bbox 414 2780 451 2828; x_wconf 85' lang='lat' dir='ltr'>od</span> <span class='ocrx_word' id='word_1_306' title='bbox 468 2795 542 2843; x_wconf 82' lang='lat' dir='ltr'>quam</span> <span class='ocrx_word' id='word_1_307' title='bbox 561 2781 642 2829; x_wconf 84' lang='lat' dir='ltr'>lector</span> <span class='ocrx_word' id='word_1_308' title='bbox 660 2780 800 2828; x_wconf 77' lang='lat' dir='ltr'>remittitur</span> <span class='ocrx_word' id='word_1_309' title='bbox 818 2790 891 2839; x_wconf 77' lang='lat' dir='ltr'>tt,1t.</span> <span class='ocrx_word' id='word_1_310' title='bbox 924 2778 968 2826; x_wconf 64' lang='lat' dir='ltr'>tte</span> <span class='ocrx_word' id='word_1_311' title='bbox 985 2781 1049 2841; x_wconf 84' lang='lat' dir='ltr'>ipsis</span> <span class='ocrx_word' id='word_1_312' title='bbox 1067 2793 1129 2828; x_wconf 86' lang='lat' dir='ltr'>vero</span> 
     </span>
     <span class='ocr_line' id='line_1_33' title="bbox 173 2850 1129 2915; baseline -0.003 -16"><span class='ocrx_word' id='word_1_313' title='bbox 173 2852 228 2899; x_wconf 80' lang='lat' dir='ltr'>ittis</span> <span class='ocrx_word' id='word_1_314' title='bbox 245 2852 364 2913; x_wconf 82' lang='lat' dir='ltr'>reliquiis</span> <span class='ocrx_word' id='word_1_315' title='bbox 383 2852 503 2899; x_wconf 82' lang='lat' dir='ltr'>conicere</span> <span class='ocrx_word' id='word_1_316' title='bbox 521 2850 592 2908; x_wconf 82' lang='lat' dir='ltr'>licet,</span> <span class='ocrx_word' id='word_1_317' title='bbox 612 2851 695 2898; x_wconf 83' lang='lat' dir='ltr'>initiis</span> <span class='ocrx_word' id='word_1_318' title='bbox 713 2851 816 2913; x_wconf 86' lang='lat' dir='ltr'>imperii</span> <span class='ocrx_word' id='word_1_319' title='bbox 834 2851 888 2911; x_wconf 78' lang='lat' dir='ltr'>depe</span> <span class='ocrx_word' id='word_1_320' title='bbox 906 2851 994 2912; x_wconf 84' lang='lat' dir='ltr'>aliqua</span> <span class='ocrx_word' id='word_1_321' title='bbox 1014 2850 1129 2915; x_wconf 70' lang='lat' dir='ltr'>fortasse</span> 
     </span>
     <span class='ocr_line' id='line_1_34' title="bbox 172 2918 1130 2985; baseline -0.003 -17"><span class='ocrx_word' id='word_1_322' title='bbox 172 2919 244 2968; x_wconf 81' lang='lat' dir='ltr'>Iulia</span> <span class='ocrx_word' id='word_1_323' title='bbox 258 2919 370 2985; x_wconf 60' lang='lat' dir='ltr'>Augusti</span> <span class='ocrx_word' id='word_1_324' title='bbox 384 2922 425 2968; x_wconf 83' lang='lat' dir='ltr'>ius</span> <span class='ocrx_word' id='word_1_325' title='bbox 436 2921 591 2984; x_wconf 77' lang='lat' dir='ltr'>pentilitt&#39;um</span> <span class='ocrx_word' id='word_1_326' title='bbox 601 2921 687 2984; x_wconf 83' lang='lat' dir='ltr'>quoad</span> <span class='ocrx_word' id='word_1_327' title='bbox 700 2921 826 2983; x_wconf 79' lang='lat' dir='ltr'>lepitimas</span> <span class='ocrx_word' id='word_1_328' title='bbox 839 2918 995 2966; x_wconf 76' lang='lat' dir='ltr'>hereditates</span> <span class='ocrx_word' id='word_1_329' title='bbox 1003 2925 1029 2966; x_wconf 85' lang='lat' dir='ltr'>et</span> <span class='ocrx_word' id='word_1_330' title='bbox 1037 2920 1130 2966; x_wconf 83' lang='lat' dir='ltr'>tutelae</span> 
     </span>
     <span class='ocr_line' id='line_1_35' title="bbox 173 2988 1128 3054; baseline -0.003 -15"><span class='ocrx_word' id='word_1_331' title='bbox 173 3005 230 3039; x_wconf 83' lang='lat' dir='ltr'>eum</span> <span class='ocrx_word' id='word_1_332' title='bbox 245 2991 281 3039; x_wconf 84' lang='lat' dir='ltr'>od</span> <span class='ocrx_word' id='word_1_333' title='bbox 292 2991 415 3053; x_wconf 82' lang='lat' dir='ltr'>quasdam</span> <span class='ocrx_word' id='word_1_334' title='bbox 429 2990 550 3040; x_wconf 82' lang='lat' dir='ltr'>nobilium</span> <span class='ocrx_word' id='word_1_335' title='bbox 561 2992 679 3054; x_wconf 73' lang='lat' dir='ltr'>familias</span> <span class='ocrx_word' id='word_1_336' title='bbox 692 2991 806 3053; x_wconf 77' lang='lat' dir='ltr'>fortasse</span> <span class='ocrx_word' id='word_1_337' title='bbox 820 3004 855 3037; x_wconf 76' lang='lat' dir='ltr'>em</span> <span class='ocrx_word' id='word_1_338' title='bbox 869 2988 931 3037; x_wconf 81' lang='lat' dir='ltr'>orde</span> <span class='ocrx_word' id='word_1_339' title='bbox 946 2988 1026 3036; x_wconf 74' lang='lat' dir='ltr'>ttoma</span> <span class='ocrx_word' id='word_1_340' title='bbox 1040 2988 1128 3036; x_wconf 82' lang='lat' dir='ltr'>oriun-</span> 
     </span>
     <span class='ocr_line' id='line_1_36' title="bbox 173 3060 1128 3120; baseline -0.003 -11"><span class='ocrx_word' id='word_1_341' title='bbox 173 3061 234 3118; x_wconf 85' lang='lat' dir='ltr'>das,</span> <span class='ocrx_word' id='word_1_342' title='bbox 258 3068 309 3109; x_wconf 86' lang='lat' dir='ltr'>tum</span> <span class='ocrx_word' id='word_1_343' title='bbox 332 3061 368 3109; x_wconf 82' lang='lat' dir='ltr'>ad</span> <span class='ocrx_word' id='word_1_344' title='bbox 388 3063 555 3109; x_wconf 82' lang='lat' dir='ltr'>manumissos</span> <span class='ocrx_word' id='word_1_345' title='bbox 577 3061 608 3109; x_wconf 84' lang='lat' dir='ltr'>ab</span> <span class='ocrx_word' id='word_1_346' title='bbox 631 3063 666 3109; x_wconf 85' lang='lat' dir='ltr'>iis</span> <span class='ocrx_word' id='word_1_347' title='bbox 684 3063 710 3109; x_wconf 86' lang='lat' dir='ltr'>in</span> <span class='ocrx_word' id='word_1_348' title='bbox 730 3060 792 3109; x_wconf 84' lang='lat' dir='ltr'>urbe</span> <span class='ocrx_word' id='word_1_349' title='bbox 810 3074 898 3108; x_wconf 84' lang='lat' dir='ltr'>servos</span> <span class='ocrx_word' id='word_1_350' title='bbox 915 3073 1050 3120; x_wconf 84' lang='lat' dir='ltr'>eorumque</span> <span class='ocrx_word' id='word_1_351' title='bbox 1064 3072 1128 3120; x_wconf 83' lang='lat' dir='ltr'>pro-</span> 
     </span>
     <span class='ocr_line' id='line_1_37' title="bbox 171 3128 1053 3195; baseline -0.005 -15"><span class='ocrx_word' id='word_1_352' title='bbox 171 3133 270 3195; x_wconf 74' lang='lat' dir='ltr'>pentem</span> <span class='ocrx_word' id='word_1_353' title='bbox 289 3133 435 3180; x_wconf 81' lang='lat' dir='ltr'>restrictum</span> <span class='ocrx_word' id='word_1_354' title='bbox 454 3146 523 3179; x_wconf 85' lang='lat' dir='ltr'>esee:</span> <span class='ocrx_word' id='word_1_355' title='bbox 541 3132 610 3194; x_wconf 79' lang='lat' dir='ltr'>quod</span> <span class='ocrx_word' id='word_1_356' title='bbox 627 3133 751 3191; x_wconf 75' lang='lat' dir='ltr'>enipeum</span> <span class='ocrx_word' id='word_1_357' title='bbox 770 3132 810 3179; x_wconf 81' lang='lat' dir='ltr'>ius</span> <span class='ocrx_word' id='word_1_358' title='bbox 828 3145 888 3179; x_wconf 82' lang='lat' dir='ltr'>mooe</span> <span class='ocrx_word' id='word_1_359' title='bbox 906 3128 1053 3177; x_wconf 84' lang='lat' dir='ltr'>aboleverit.</span> 
     </span>
    </p>
   </div>
   <div class='ocr_carea' id='block_1_4' title="bbox 171 3267 1130 3617">
    <p class='ocr_par' dir='ltr' id='par_1_4' title="bbox 171 3267 1130 3617">
     <span class='ocr_line' id='line_1_38' title="bbox 244 3267 1127 3338; baseline -0.002 -18"><span class='ocrx_word' id='word_1_360' title='bbox 244 3267 269 3338; x_wconf 67' lang='grc' dir='ltr'>ξ.</span> <span class='ocrx_word' id='word_1_361' title='bbox 286 3272 422 3332; x_wconf 47' lang='lat'>1622&amp;¹</span> <span class='ocrx_word' id='word_1_362' title='bbox 437 3282 458 3322; x_wconf 83' lang='lat' dir='ltr'>e.</span> <span class='ocrx_word' id='word_1_363' title='bbox 478 3270 498 3318; x_wconf 88' lang='grc' dir='ltr'>Ι.</span> <span class='ocrx_word' id='word_1_364' title='bbox 515 3272 571 3320; x_wconf 84' lang='lat' dir='ltr'>eod.</span> <span class='ocrx_word' id='word_1_365' title='bbox 590 3270 644 3333; x_wconf 79' lang='lat' dir='ltr'>tltp.</span> <span class='ocrx_word' id='word_1_366' title='bbox 661 3282 694 3331; x_wconf 87' lang='lat'>11,</span> <span class='ocrx_word' id='word_1_367' title='bbox 710 3282 741 3322; x_wconf 78' lang='lat'>18.</span> <span class='ocrx_word' id='word_1_368' title='bbox 761 3271 792 3317; x_wconf 87' lang='lat' dir='ltr'>L.</span> <span class='ocrx_word' id='word_1_369' title='bbox 804 3281 823 3320; x_wconf 82' lang='lat' dir='ltr'>a.</span> <span class='ocrx_word' id='word_1_370' title='bbox 839 3271 862 3331; x_wconf 69' lang='grc' dir='ltr'>ξ.</span> <span class='ocrx_word' id='word_1_371' title='bbox 874 3282 892 3320; x_wconf 89' lang='grc'>1.</span> <span class='ocrx_word' id='word_1_372' title='bbox 909 3269 941 3318; x_wconf 88' lang='lat' dir='ltr'>D.</span> <span class='ocrx_word' id='word_1_373' title='bbox 956 3269 988 3316; x_wconf 87' lang='lat' dir='ltr'>de</span> <span class='ocrx_word' id='word_1_374' title='bbox 1002 3284 1058 3331; x_wconf 82' lang='lat' dir='ltr'>cap.</span> <span class='ocrx_word' id='word_1_375' title='bbox 1069 3271 1127 3319; x_wconf 83' lang='lat' dir='ltr'>min.</span> 
     </span>
     <span class='ocr_line' id='line_1_39' title="bbox 171 3335 1128 3407; baseline -0.002 -15"><span class='ocrx_word' id='word_1_376' title='bbox 171 3339 205 3407; x_wconf 82' lang='lat'>(4,</span> <span class='ocrx_word' id='word_1_377' title='bbox 219 3341 251 3406; x_wconf 80' lang='lat'>5).</span> <span class='ocrx_word' id='word_1_378' title='bbox 270 3340 359 3391; x_wconf 83' lang='lat' dir='ltr'>Boctd.</span> <span class='ocrx_word' id='word_1_379' title='bbox 375 3343 411 3390; x_wconf 85' lang='lat' dir='ltr'>ad</span> <span class='ocrx_word' id='word_1_380' title='bbox 425 3341 477 3390; x_wconf 77' lang='lat' dir='ltr'>Cic.</span> <span class='ocrx_word' id='word_1_381' title='bbox 496 3341 556 3404; x_wconf 83' lang='lat' dir='ltr'>Top.</span> <span class='ocrx_word' id='word_1_382' title='bbox 570 3353 592 3397; x_wconf 83' lang='lat' dir='ltr'>t,</span> <span class='ocrx_word' id='word_1_383' title='bbox 607 3353 640 3392; x_wconf 83' lang='lat'>18.</span> <span class='ocrx_word' id='word_1_384' title='bbox 657 3356 685 3402; x_wconf 85' lang='lat' dir='ltr'>p.</span> <span class='ocrx_word' id='word_1_385' title='bbox 700 3352 739 3391; x_wconf 76' lang='lat' dir='ltr'>toa</span> <span class='ocrx_word' id='word_1_386' title='bbox 753 3340 821 3389; x_wconf 83' lang='lat' dir='ltr'>Bait.</span> <span class='ocrx_word' id='word_1_387' title='bbox 899 3335 923 3406; x_wconf 64' lang='grc' dir='ltr'>ξ.</span> <span class='ocrx_word' id='word_1_388' title='bbox 942 3340 998 3388; x_wconf 84' lang='grc'>163.</span> <span class='ocrx_word' id='word_1_389' title='bbox 1016 3339 1053 3402; x_wconf 73' lang='lat' dir='ltr'>Cf.</span> <span class='ocrx_word' id='word_1_390' title='bbox 1073 3340 1128 3404; x_wconf 82' lang='lat' dir='ltr'>Uip.</span> 
     </span>
     <span class='ocr_line' id='line_1_40' title="bbox 173 3406 1127 3477; baseline -0.001 -16"><span class='ocrx_word' id='word_1_391' title='bbox 173 3423 241 3474; x_wconf 83' lang='lat'>11,9.</span> <span class='ocrx_word' id='word_1_392' title='bbox 261 3413 319 3473; x_wconf 73' lang='lat' dir='ltr'>§.o</span> <span class='ocrx_word' id='word_1_393' title='bbox 339 3410 708 3476; x_wconf 59' lang='lat' dir='ltr'>increpandorum).</span> <span class='ocrx_word' id='word_1_394' title='bbox 763 3406 1127 3477; x_wconf 72' lang='lat' dir='ltr'>§164.=§.r.1.deeap.</span> 
     </span>
     <span class='ocr_line' id='line_1_41' title="bbox 171 3476 1130 3549; baseline -0.002 -18"><span class='ocrx_word' id='word_1_395' title='bbox 171 3483 235 3531; x_wconf 86' lang='lat' dir='ltr'>dem.</span> <span class='ocrx_word' id='word_1_396' title='bbox 251 3482 281 3547; x_wconf 92' lang='lat'>(1,</span> <span class='ocrx_word' id='word_1_397' title='bbox 298 3484 340 3545; x_wconf 82' lang='lat'>16).</span> <span class='ocrx_word' id='word_1_398' title='bbox 360 3482 392 3531; x_wconf 85' lang='lat' dir='ltr'>L.</span> <span class='ocrx_word' id='word_1_399' title='bbox 407 3494 428 3533; x_wconf 83' lang='lat'>9.</span> <span class='ocrx_word' id='word_1_400' title='bbox 449 3483 480 3530; x_wconf 83' lang='lat' dir='ltr'>l).</span> <span class='ocrx_word' id='word_1_401' title='bbox 496 3483 528 3530; x_wconf 85' lang='lat' dir='ltr'>de</span> <span class='ocrx_word' id='word_1_402' title='bbox 541 3484 589 3546; x_wconf 76' lang='lat' dir='ltr'>dep.</span> <span class='ocrx_word' id='word_1_403' title='bbox 604 3489 649 3530; x_wconf 54' lang='lat' dir='ltr'>tut,</span> <span class='ocrx_word' id='word_1_404' title='bbox 666 3484 710 3541; x_wconf 75' lang='lat' dir='ltr'>(to,</span> <span class='ocrx_word' id='word_1_405' title='bbox 727 3478 760 3546; x_wconf 81' lang='grc'>4).</span> <span class='ocrx_word' id='word_1_406' title='bbox 828 3476 853 3549; x_wconf 64' lang='grc' dir='ltr'><strong>ξ</strong></span> <span class='ocrx_word' id='word_1_407' title='bbox 870 3482 927 3531; x_wconf 80' lang='grc'>165.</span> <span class='ocrx_word' id='word_1_408' title='bbox 944 3503 977 3521; x_wconf 95' lang='lat'>=</span> <span class='ocrx_word' id='word_1_409' title='bbox 995 3480 1043 3530; x_wconf 82' lang='lat' dir='ltr'>Tit.</span> <span class='ocrx_word' id='word_1_410' title='bbox 1058 3481 1080 3529; x_wconf 94' lang='lat' dir='ltr'>I.</span> <span class='ocrx_word' id='word_1_411' title='bbox 1098 3481 1130 3529; x_wconf 86' lang='lat' dir='ltr'>de</span> 
     </span>
     <span class='ocr_line' id='line_1_42' title="bbox 172 3550 714 3617; baseline -0.002 -17"><span class='ocrx_word' id='word_1_412' title='bbox 172 3555 241 3617; x_wconf 69' lang='lat' dir='ltr'>[epit.</span> <span class='ocrx_word' id='word_1_413' title='bbox 252 3561 324 3615; x_wconf 84' lang='lat' dir='ltr'>patr.</span> <span class='ocrx_word' id='word_1_414' title='bbox 340 3560 385 3601; x_wconf 80' lang='lat' dir='ltr'>tut.</span> <span class='ocrx_word' id='word_1_415' title='bbox 402 3550 433 3617; x_wconf 90' lang='lat'>(1,</span> <span class='ocrx_word' id='word_1_416' title='bbox 448 3554 492 3615; x_wconf 83' lang='lat'><strong>1‘1).</strong></span> <span class='ocrx_word' id='word_1_417' title='bbox 519 3552 557 3615; x_wconf 78' lang='lat' dir='ltr'>Cf.</span> <span class='ocrx_word' id='word_1_418' title='bbox 577 3552 631 3614; x_wconf 81' lang='lat' dir='ltr'>Utp.</span> <span class='ocrx_word' id='word_1_419' title='bbox 647 3565 680 3612; x_wconf 89' lang='lat'>11,</span> <span class='ocrx_word' id='word_1_420' title='bbox 696 3563 714 3602; x_wconf 79' lang='lat'>3.</span> 
     </span>
    </p>
   </div>
   <div class='ocr_carea' id='block_1_5' title="bbox 0 0 1310 3942">
    <p class='ocr_par' dir='ltr' id='par_1_5' title="bbox 0 0 1310 3942">
     <span class='ocr_line' id='line_1_43' title="bbox 0 0 1310 3942; baseline 0 1"><span class='ocrx_word' id='word_1_421' title='bbox 0 0 1310 3942; x_wconf 95' lang='lat' dir='ltr'> </span> 
     </span>
    </p>
   </div>
  </div>
 </body>
</html>
