2609 3942
192 181 254 244 206
478 193 540 230 auu
559 194 659 229 susum
677 176 699 233 Ι
719 183 859 234 tas-134

138 335 179 385 66
195 332 260 393 133.
274 329 463 392 ¹Admoneadi
473 340 568 390 autem
580 349 689 403 sumus,
701 334 821 390 liberum
834 334 983 391 arbritium
990 350 1053 391 esse
1059 340 1095 406 et,
1107 340 1156 409 qui

132 403 283 492 “mium
297 426 324 475 et
340 434 379 474 ea
395 434 428 475 eo
443 419 599 489 nepotem
588 435 617 473 m
629 423 774 488 potestate
788 418 913 488 habebit,
931 420 1022 489 pilium
1042 422 1153 491 quidem
1166 432 1219 485 {sss}

191 509 335 575 potestate
356 504 510 575 dimittere,
526 508 656 573 nepotem
672 516 742 557 uero
754 504 783 555 in
791 507 937 572 potestate
951 506 1093 559 retinere:
1107 507 1154 560 uei

194 602 233 642 ea
247 589 362 643 diuerso
376 568 465 657 fitium
476 588 610 658 quidem
598 603 628 641 m
635 590 778 656 potestate
791 589 927 655 retinere,
943 592 1073 657 nepotem
1084 602 1154 644 uero

192 673 405 740 manumittere,
427 672 475 726 uel
496 684 594 727 omnes
616 671 664 725 sui
683 671 756 725 iuris
777 667 910 740 efficere.
947 671 1048 726 eodem
1070 677 1099 727 31
1119 673 1155 728 de

188 760 350 826 pronepote
363 755 441 809 dicta
457 767 519 809 esse
534 755 739 825 inteltepemus.

255 835 321 895 134.
340 832 515 893 2Praeterea
530 844 671 907 parentes
693 839 778 892 etiam
797 837 904 891 liberos
923 839 954 892 in
975 838 1154 907 adoptionem

193 925 277 979 datos
291 925 320 977 in
331 925 477 992 potestate
491 921 600 976 nabere
614 922 755 976 desinunt.
786 924 814 975 et
828 923 857 975 in
872 922 931 991 filio
946 922 1069 992 quidem,
1084 925 1153 977 siin

143 1016 185 1066 87.
195 1008 375 1077 adoptionem
387 1006 486 1074 datur,
502 1009 563 1059 tres
573 999 819 1080 nuncupationes!
837 1010 864 1059 et
875 1003 945 1060 duae
956 1004 1153 1061 intercedentes

194 1088 418 1144 manumissiones
429 1087 543 1160 proinde
554 1086 633 1157 fiunt,
649 1103 680 1144 ac
691 1085 749 1142 fieri
760 1086 861 1157 solent,
875 1103 935 1143 cum
950 1088 986 1143 ita
1001 1103 1062 1143 eum
1077 1096 1154 1161 pater

194 1172 228 1228 dc
248 1179 384 1245 potestate
399 1171 520 1241 dimittit,
542 1179 573 1226 ut
587 1172 630 1226 sui
645 1172 712 1226 iuris
727 1168 869 1228 efficiatur.
899 1170 996 1226 deiude
1018 1179 1065 1226 aut
1084 1173 1153 1243 patri

194 1257 402 1328 remancipatuu,
417 1263 445 1311 ct
456 1254 490 1310 ab
501 1271 535 1311 ec
546 1256 581 1327 is,
593 1255 639 1328 qui
648 1254 770 1329 adoptat,
781 1254 899 1310 uindicat
907 1255 981 1327 apud
990 1263 1153 1326 praetorem,

194 1338 278 1395 filium
301 1356 379 1394 suum
395 1356 471 1406 csse,
494 1348 522 1394 et
544 1339 591 1394 tito
607 1346 702 1395 contra
716 1354 772 1393 non
792 1338 946 1393 uindicante
968 1331 1006 1393 ’td
1027 1345 1153 1411 praetore

193 1422 342 1479 uindicanti
356 1421 428 1478 filius
443 1421 586 1493 addicitur,
603 1430 648 1477 aut
664 1422 727 1477 ’non
749 1413 960 1494 remancipatam
974 1422 1133 1495 patri,'’sed
1147 1425 1151 1487 1

195 1507 232 1562 ab
247 1522 281 1561 eo
296 1507 418 1562 uindicet
439 1507 463 1561 is
486 1506 532 1577 qui
554 1506 684 1578 adoptat,
699 1506 781 1576 apud
793 1521 873 1576 quem
891 1508 922 1561 in
940 1500 1042 1560 133113δ
1056 1506 1154 1560 manci·

194 1590 304 1663 patione
325 1597 381 1644 est:
404 1597 447 1645 set
468 1605 534 1644 sanc
555 1588 723 1645 commodius
745 1596 787 1644 est
801 1589 871 1662 patri
887 1582 1090 1662 remancipari.⁶
1125 1590 1153 1644 in

194 1674 292 1730 ceteris
314 1688 381 1728 nero
403 1671 550 1728 liberorum
571 1674 712 1746 personis,
734 1687 784 1727 seu
804 1672 942 1728 masculini
962 1687 1010 1727 sen
1032 1672 1154 1728 seminini

194 1774 292 1828 senus,
313 1773 366 1812 una
387 1756 492 1812 scilicet
510 1757 670 1829 mancipatio
691 1753 806 1825 sufficit,
828 1764 856 1811 et
878 1763 923 1810 aut
938 1757 1154 1829 remancipantnr

194 1842 300 1914 parenti
316 1849 432 1897 autnon
448 1840 677 1913 remancipantur.
716 1839 808 1895 eadem
823 1845 851 1894 et
872 1840 899 1893 in
919 1839 1067 1912 prouinciis
1082 1840 1157 1912 apud

194 1992 365 2054 remancipati
376 1991 479 2053 suerint
492 1996 517 2038 et
530 2004 547 2037 o
561 1990 679 2038 natarali
693 1995 771 2051 patre
789 1990 944 2047 manumissi,
962 1990 1102 2039 succedere
1115 1991 1155 2039 cis

194 2063 324 2112 naturalis
334 2067 413 2123 pater
427 2074 478 2108 non
489 2065 582 2120 potest,
597 2060 650 2106 nisi
660 2058 825 2119 fiduciarius,
839 2075 855 2108 a
869 2074 919 2123 quo
928 2062 1077 2109 manumissi
1085 2067 1154 2110 suut.

195 2132 260 2181 Nam
277 2132 301 2179 si
319 2130 521 2191 remancipatam
539 2142 594 2175 eam
613 2126 664 2175 sibi
682 2131 811 2178 naturalis
825 2137 904 2192 pater
922 2132 963 2178 uei
981 2145 1047 2179 uuus
1064 2146 1155 2180 mana·

194 2202 301 2258 miserit,
316 2201 371 2261 ipse
385 2200 442 2246 eius
456 2199 483 2246 iu
497 2196 640 2246 hereditate
653 2196 796 2247 succedit’
827 2200 865 2262 Cf.
880 2201 903 2261 9
918 2211 939 2250 3.
968 2199 990 2250 Ι.
1005 2200 1072 2265 quib
1087 2201 1153 2250 mod

195 2273 236 2319 ius
246 2275 301 2332 pot.
315 2272 388 2329 soto,
403 2266 471 2316 verb
502 2264 547 2316 ‘Et
562 2275 623 2317 tunc
636 2283 672 2317 33
687 2269 771 2318 edicto
790 2269 927 2319 Praetoris
940 2267 999 2319 313.’
1071 2266 1156 2334 ¹)Est

196 2342 255 2401 9.1
274 2338 296 2387 I.
312 2339 336 2388 11.
351 2346 368 2387 1.
388 2337 420 2386 L.
436 2349 469 2388 33.
489 2338 521 2387 D
536 2338 568 2387 de
582 2339 668 2401 adopt
684 2338 783 2405 (1,t)u
800 2339 1013 2390 discurentes.
1029 2342 1154 2404 iposita,

195 2424 346 2474 quamquam
359 2406 433 2456 Stud.
447 2409 514 2457 uiuit
527 2423 614 2458 eorum
628 2410 771 2473 conspexit.
804 2409 872 2458 Mitt
891 2416 974 2459 tamen
988 2412 1156 2460 verisimilius

195 2482 276 2529 visum
289 2486 335 2535 est,
350 2480 492 2540 1331133391
505 2480 532 2527 in
546 2479 689 2529 Iustiniani
706 2479 771 2528 Inst.
786 2480 892 2543 fidelius
910 2496 984 2544 qaam
1002 2483 1029 2529 in
1044 2482 1104 2545 Dip.
1119 2497 1155 2531 33

197 2550 263 2600 doio
273 2556 458 2612 transumptum
467 2563 536 2606 esses
550 2551 617 2600 unde
627 2552 725 2600 emittis
738 2552 849 2599 restitui.
874 2547 1008 2599 ‘Liberum
1017 2552 1156 2601 arbitrium

194 2628 233 2670 eet
246 2617 282 2668 ei’
303 2620 343 2671 ed.
357 2618 406 2685 Bp.
436 2618 490 2670 Nec
504 2622 646 2684 quicquam,
661 2622 685 2669 si
695 2622 846 2670 sententiam
854 2629 964 2683 spectas,
979 2623 1047 2671 inter
1055 2622 1120 2671 11333
1130 2629 1157 2670 31

195 2706 234 2748 33,
249 2706 314 2754 quae
329 2698 380 2741 not.
395 2692 509 2740 anteced.
524 2692 679 2755 sipnitiaaoi,
694 2693 825 2740 interiisse
838 2692 947 2740 videtur.
1013 2687 1035 2756 ²)
1047 2692 1157 2740 Initium

194 2761 243 2811 itoc
258 2762 417 2824 deperditum
431 2776 466 2810 en
482 2760 608 2810 Giscieni
624 2761 684 2823 sere
702 2763 863 2811 restitutione
881 2762 918 2810 ad
931 2776 1032 2811 sensum
1052 2762 1156 2811 demon-

194 2833 329 2881 strandum
341 2832 465 2895 supplevi
496 2830 569 2881 Niiu'i
581 2832 649 2880 enim
663 2833 732 2880 inter
746 2832 813 2882 11333
830 2833 953 2893 931133.
981 2833 1155 2890 intercidisse,

194 2917 229 2952 eac
242 2904 283 2964 99.
298 2915 318 2954 1.
332 2914 353 2954 3.
378 2902 400 2950 Ι.
415 2900 482 2966 quib.
498 2901 590 2951 mad.
580 2916 597 2949 1
609 2908 664 2964 pot
678 2904 740 2952 solu.
756 2901 788 2966 (1,
802 2901 839 2967 tt)
854 2910 970 2966 apparet.
1032 2898 1156 2968 ⁸)Hoca

190 2974 355 3038 supitiuum'
344 2972 409 3022 130
425 2974 493 3021 iuter
502 2971 607 3020 uindicat
616 2978 641 3019 et
649 2971 713 3034 apud
722 2973 835 3034 positum
846 2973 897 3022 ituc
906 2973 1077 3022 reuocandum
1086 2980 1155 3023 crat.

194 3040 583 3107 4)11333113331113341331313
602 3037 655 3091 Vn.
684 3043 735 3090 iure
755 3043 944 3105 mancipatunt).
959 3043 1016 3092 edd.
1073 3039 1157 3105 ⁵)Eac

198 3109 1156 3195 73333331333331333133.33331333313333333333

194 3185 304 3234 daturus
318 3192 363 3242 est,
378 3197 410 3232 33
424 3182 503 3230 aliam
512 3196 660 3245 personam,
675 3184 719 3232 cai
732 3185 901 3246 mancipetur,
915 3182 1037 3233 adhibere
1050 3197 1157 3232 necesse

193 3256 235 3303 sit.
259 3253 376 3304 Sciteuri.

264 3370 290 3442 §
306 3378 365 3425 134.
382 3375 420 3437 Of.
436 3376 546 3425 manime
561 3375 631 3425 Ptin.
641 3391 681 3438 ep.
691 3387 758 3438 3,13
777 3378 832 3436 9.4.
847 3382 987 3439 practerea
1003 3374 1065 3425 Gall.
1081 3386 1102 3433 5,
1116 3389 1154 3429 ts.

193 3442 862 3514 8331.031.34.013.313)13.1,1.1Τ3313113331Η3
881 3446 914 3494 L.
925 3448 969 3495 uit.
987 3446 1055 3495 Ode
1065 3447 1155 3510 adopt

194 3512 562 3581 (assentationum)
1291 3484 1294 3705 ,
