2609 3942
418 209 479 246 asu
498 211 598 250 uuscur.
617 193 650 247 II.
671 200 762 253 9-14.
1005 195 1068 260 223
1161 266 1167 277 ,

115 350 184 405 muri
211 357 239 404 et
263 361 374 422 portae,
402 351 600 424 quodammado
623 350 707 407 diuini
732 353 797 407 iuris
820 361 896 409 sunt.
940 349 969 410 9.
991 351 1067 419 Quod

116 441 204 489 autem
219 435 307 490 diuini
319 437 386 492 iuris
400 443 452 506 est,
473 434 499 490 id
515 433 614 490 nullius
629 436 656 490 lu
673 435 750 490 bouis
769 443 825 491 est:
849 435 876 489 ld
896 452 971 507 uero,
994 435 1066 508 quod

116 516 220 572 humani
240 513 246 589 Ι
266 509 356 575 ¹iuris
371 527 421 589 est,
436 521 605 591 plerumque
621 521 745 574 alicuius
758 522 787 574 in
803 520 883 574 bonis
897 526 954 587 est3
973 526 1116 590 potestus.

116 606 208 656 autem
224 607 251 657 et
266 605 373 659 nultius
386 607 415 659 in
432 604 512 659 bonis
527 617 603 658 esse.-
618 620 685 658 nam
701 618 750 659 res
763 603 969 674 hereditariae,
985 609 1064 658 ante·
1074 600 1092 639 ²·
1106 607 1126 638 ⁸·

115 701 198 756 quam
213 688 318 757 aliquis
331 688 416 743 heres
431 689 549 755 existat,
569 687 676 742 nuliius
688 690 718 742 in
733 687 813 742 bonis
827 693 902 743 suat.

114 784 156 823 vv.
172 766 229 822 lere
244 768 263 824 8
279 800 428 809 --—
443 785 478 825 ue
493 769 613 825 domino.
650 766 698 826 10.
722 769 777 825 Hae
792 778 880 825 autem
895 760 982 846 (res),
999 785 1068 841 quae

114 851 221 906 humani
237 853 302 908 iurls
317 862 390 923 suut,
406 861 456 910 aut
470 852 603 922 publicae
623 861 688 909 sunt
708 862 753 909 aut
773 854 902 926 priuatae.
938 850 979 910 ll.
995 851 1067 920 Quae

113 933 235 1008 publicae
250 945 323 1008 suat,
339 936 444 993 nullius
458 936 587 992 uidentur
601 937 718 993 inbonis
730 953 805 1003 esse3
821 938 905 1010 ipsius
921 938 992 993 enlm
1008 937 1065 992 uui·

114 1019 247 1074 uersitatis
269 1035 330 1076 esse
355 1020 514 1076 ereduntur.
558 1022 677 1094 prluatae
697 1028 777 1093 sunt,
805 1037 871 1094 quae
896 1021 1066 1095 singulorum

113 1097 279 1157 'homiuum²
294 1111 371 1161 sunt.

174 1182 217 1245 12.
244 1185 376 1253 Quaedam
404 1198 543 1262 praeterea
570 1204 614 1244 res
641 1188 797 1262 corporales
826 1197 906 1258 sunt,
938 1188 1067 1260 quaedam

110 1270 305 1342 incorporales.
343 1269 388 1329 13.
411 1268 612 1348 (Corporales)
636 1273 685 1327 hae
701 1265 804 1349 (sunt),
827 1287 894 1343 quae
914 1273 988 1344 tangi
1003 1287 1067 1344 pas·

111 1360 185 1423 suut,
200 1354 276 1410 uelut
291 1355 401 1424 fundus,
418 1356 508 1420 homo,
526 1358 618 1425 uestis,
636 1371 739 1424 aurum,
757 1363 937 1428 argentumet
952 1355 1069 1426 (lenique

112 1435 179 1490 aliae
200 1453 245 1491 res
266 1439 484 1495 innumerabiles.
520 1435 565 1495 14.
587 1438 776 1511 Incorporales
797 1446 878 1508 sunt,
901 1454 975 1509 quae
992 1438 1068 1510 tangi

111 1533 166 1573 nou
182 1528 311 1589 possunt,
329 1520 418 1593 qualia
431 1529 496 1576 sunt
510 1539 549 1591 ea,
566 1538 634 1594 quae
648 1515 732 1597 'lin)³
745 1523 803 1577 iure
819 1523 982 1590 consistunt,
997 1523 1067 1577 sicut

111 1600 258 1670 hereditas,
274 1603 454 1672 ususfructus,
479 1604 656 1676 obligationes
679 1621 789 1677 quoquo
807 1606 888 1661 modo
904 1612 1067 1664 contractae.

109 1680 162 1741 uec
177 1684 209 1740 ad
224 1701 282 1740 rem
297 1679 440 1762 per(tiaet‚
453 1689 529 1758 quod
538 1691 567 1741 iu
580 1687 739 1743 hereditate
750 1703 798 1743 res
807 1691 976 1758 corporales
986 1680 1066 1765 aon)-

185 1830 208 1901 ¹)
220 1834 321 1885 Abarne
339 1837 379 1898 ἐξ.
393 1846 477 1887 9-14.
492 1836 626 1885 restitutae
643 1841 703 1883 suat
721 1850 756 1884 em
768 1835 800 1882 L.
815 1848 835 1885 1.
854 1837 887 1885 D.
902 1837 934 1884 de
947 1850 1000 1885 rer.
1015 1837 1067 1885 diu.

109 1906 142 1971 (1,
157 1903 181 1971 s)
195 1913 219 1955 et
237 1908 275 1954 tit⁴
290 1906 313 1955 I.
328 1907 360 1955 de
378 1906 431 1956 reb.
446 1921 517 1969 carp.
537 1904 568 1972 (s,
584 1903 615 1970 s).
648 1904 766 1968 Apparet
779 1920 840 1955 uero
859 1907 935 1970 idque
953 1921 987 1955 ece
1010 1905 1038 1955 V
1038 1903 1067 1955 ⁸².

108 1977 228 2040 apertius
241 1976 342 2039 sactum
360 1984 410 2034 est,
429 1992 460 2026 ea
479 1991 544 2041 quae
558 1977 633 2024 initia
643 1991 672 2038 p.
686 1986 720 2026 56.
748 1977 868 2026 restituta
881 1983 942 2025 sunt
955 1991 989 2024 ecc
1003 1975 1065 2025 Inst.

108 2054 135 2097 et
149 2047 218 2112 Dip,
232 2062 284 2097 nou
297 2048 418 2111 sufficere
432 2047 468 2096 ad
480 2047 622 2109 explendos
636 2046 753 2095 undecim
768 2046 874 2108 priores
887 2061 977 2095 uersus
990 2046 1067 2096 liuius

102 2134 169 2182 pap.
185 2118 254 2182 (nam
268 2132 285 2167 a
298 2135 320 2167 u.
336 2130 374 2176 12,
393 2119 468 2166 euius
486 2119 586 2166 initium
604 2124 642 2165 est
657 2131 686 2180 ue
701 2117 804 2178 domiuo,
823 2118 951 2181 incipiunt
964 2119 1065 2180 supple·

107 2195 194 2237 menta
207 2186 446 2253 Studemundiaaa).
483 2187 574 2251 Itaque
589 2187 732 2236 Iustiniani
745 2187 888 2250 prudentes
902 2202 991 2237 versus
1006 2188 1066 2251 fere

108 2265 168 2308 oeta
186 2258 346 2315 reciderunt,
369 2258 456 2321 idque,
476 2264 503 2306 ut
521 2258 599 2307 uerba
613 2259 660 2306 itta
677 2272 707 2320 ue
725 2258 820 2307 domiuo
838 2265 988 2323 arpumeata
1005 2266 1066 2307 sunt

107 2342 153 2386 eo,
169 2342 241 2391 quem
255 2328 370 2376 indicaui
383 2330 446 2376 loca.
478 2326 552 2387 Quod
565 2329 732 2391 confirnaatur
746 2327 814 2390 Epit.
830 2340 851 2387 u,
866 2342 885 2379 1.
901 2342 920 2379 1.
940 2329 982 2378 Itis
1000 2345 1065 2392 quae

107 2397 336 2448 distiuoei'uerdis:
350 2394 419 2446 ‘Sed
431 2405 456 2447 et
469 2412 512 2447 res
529 2398 716 2456 hereditariae,
735 2405 869 2463 autequam
883 2401 978 2463 aliquis
991 2399 1065 2449 lueres

107 2469 220 2525 existat,
239 2468 272 2516 id
288 2474 335 2517 est
356 2465 439 2534 (auti)
458 2469 581 2532 quando
600 2468 780 2525 dubitatur,
799 2476 902 2517 utrum
920 2471 1065 2532 scriptus

107 2554 149 2588 aa
164 2539 325 2602 [epitimus
339 2538 430 2588 dares
443 2538 618 2588 succedere
632 2538 757 2595 debeat,
772 2538 799 2585 in
814 2540 910 2587 nultius
924 2539 996 2588 banis
1010 2554 1064 2589 esse

107 2604 251 2658 uidentur’.
280 2607 321 2656 Ea
330 2610 396 2657 enim
406 2610 520 2672 quamuis
529 2610 613 2670 inepte
623 2607 739 2656 adiicito
749 2610 852 2656 nonnisi
861 2624 895 2657 eac
908 2609 972 2659 daia
982 2616 1065 2658 srtmta

106 2693 165 2729 esse
175 2686 292 2742 possunt.
316 2678 407 2742 Itaque
421 2681 548 2741 suspicor,
562 2678 630 2726 dane
641 2678 699 2739 fere
713 2678 769 2725 eius
779 2679 929 2725 seutentiam
938 2681 1065 2742 periisse:

108 2744 176 2798 ‘Sed
188 2750 264 2798 etiam
277 2754 395 2798 exstante
408 2763 454 2798 sua
468 2756 493 2797 et
507 2749 653 2797 necessario
667 2747 769 2803 herede,
784 2749 853 2795 uelut
863 2749 928 2810 litia,
942 2751 987 2811 qui
1000 2751 1064 2798 alia·

108 2820 173 2883 quia
190 2821 276 2868 statim
294 2834 350 2869 eum
367 2820 478 2868 moritur
491 2825 582 2880 pater,
600 2817 676 2866 iteres
694 2832 726 2866 ue
744 2817 925 2874 dumiensem,
943 2820 968 2866 si
982 2825 1064 2867 tamea

108 2891 236 2938 incertum
249 2890 295 2946 sit,
314 2896 399 2938 utrum
412 2904 447 2937 eae
460 2894 607 2937 testamento
620 2888 735 2949 scriptus
753 2902 787 2935 aa
805 2888 924 2935 intestata
938 2888 1066 2950 tepitimus

107 2959 186 3008 iteres
199 2960 246 3016 sit,
265 2961 333 3008 uelut
346 2959 416 3024 quad
424 2965 557 3022 postumus
570 2973 633 3007 suus
649 2958 726 3007 iteres
743 2964 889 3007 testamenta
904 2958 1066 3019 praeteritus

107 3036 288 3092 exspectatur,
307 3044 356 3093 qua
375 3035 436 3078 nato
453 3029 553 3078 scilicet
566 3035 739 3078 testamentum
752 3030 889 3091 rumpitur,
907 3042 950 3076 res
963 3026 1066 3075 deredi·

107 3102 195 3150 tariae
209 3101 309 3149 interea
322 3106 383 3148 sumt
395 3100 449 3148 sine
463 3095 579 3148 damlua'.
615 3099 652 3161 Cf.
669 3098 700 3147 L.
714 3109 749 3149 sc.
768 3098 801 3146 D.
815 3099 847 3146 de
861 3099 961 3161 acquir.
976 3096 1063 3145 iered.

105 3169 159 3236 (29,
173 3168 205 3235 2).
270 3166 291 3234 ²)
310 3169 355 3219 Ex
372 3168 462 3232 Suppl.
480 3168 518 3219 St.
533 3184 560 3232 p.
580 3167 703 3217 XXVII.
779 3164 863 3233 ⁰)Ea
881 3167 943 3216 Iast.
963 3167 1064 3216 addidi.

108 3238 209 3291 Omittit
222 3240 262 3289 ed.
276 3239 326 3288 Kr.
340 3250 361 3289 s.

181 3385 205 3457 ξ.
221 3392 245 3440 9.
267 3389 305 3441 Cr.
320 3391 343 3451 ξ.
358 3400 378 3440 t.
398 3388 490 3439 Leod.
550 3383 593 3457 δὲ.
610 3388 651 3437 10.
668 3391 708 3438 11.
730 3387 768 3450 Gf.
787 3385 847 3438 L.1
862 3402 905 3449 pr.
921 3387 952 3436 L.
968 3398 987 3436 s.
1003 3389 1026 3449 ξ.
1041 3401 1063 3439 1.

102 3461 140 3510 D.
156 3461 189 3509 de
203 3461 297 3510 interd.
313 3458 357 3524 (cs,
371 3457 403 3522 1).
431 3459 463 3508 L.
478 3470 512 3510 ts.
527 3459 559 3506 D.
575 3458 606 3507 de
620 3457 689 3507 veri.
703 3459 769 3522 ripa.
786 3457 888 3521 (50‚1s).
917 3458 949 3507 L.
963 3469 984 3509 e
1003 3460 1026 3520 §-
1042 3472 1061 3510 1.

102 3531 139 3581 D.
156 3531 188 3580 de
202 3545 255 3579 rer.
270 3530 321 3580 div.
336 3528 368 3596 (1,
381 3528 414 3595 s).
464 3525 507 3597 ἓξ.
520 3529 631 3578 12-14.
642 3549 676 3570 =
690 3527 769 3577 Titl.
784 3529 815 3578 de
829 3528 882 3578 reb.
898 3543 969 3593 corp.
984 3527 1016 3595 (s,
1031 3527 1064 3592 s).
