2609 3942
239 211 304 275 230
535 227 593 264 usn
610 228 702 263 marm.
721 208 756 263 Η.
775 215 889 264 38-43.

241 358 314 432 quod
336 358 415 432 quale
429 359 481 431 sit,
502 374 553 415 suo
572 357 633 414 loco
655 360 804 432 apparebit:
825 357 872 414 sed
893 361 980 414 nostri
1001 369 1190 434 praeceptores

240 451 350 516 putant,
371 443 435 498 nihil
456 459 537 516 agere
556 444 736 498 necessarium
757 442 900 513 heredem,
920 459 982 499 eum
996 445 1024 499 in
1042 446 1101 500 iure
1114 446 1191 502 cedat

239 527 423 586 hereditatem.

302 608 352 668 88.
383 610 568 685 Obligatioues
589 626 700 684 quoquo
722 609 803 666 modo
824 618 977 667 contractas
996 613 1063 667 nihil
1077 607 1189 669 sorum¹

239 697 387 769 recipiunt:
410 711 471 751 nam
492 696 565 768 quod
580 696 644 750 milti
660 693 693 749 ab
707 693 797 765 aliquo
818 693 946 766 debetur,
966 694 993 750 id
1008 697 1032 750 si
1049 696 1128 751 uclim
1142 697 1190 754 tibi

239 780 348 850 deberi,
375 778 451 835 nullo
472 795 565 835 eorum
586 778 683 848 modo,
703 776 799 850 quibus
814 794 859 834 res
880 779 1037 851 corporales
1056 779 1090 835 ad
1111 781 1190 837 alium

239 864 456 934 transferuutur,
476 863 502 918 id
522 860 629 918 eiicere
648 856 798 935 pussum;²
813 861 861 917 sed
876 879 945 934 opus
960 872 1015 933 est,
1037 871 1068 917 ut
1082 865 1191 922 iubente

240 965 282 1004 me
297 956 327 1003 tu
343 946 375 1002 ab
390 962 423 1002 co
443 944 596 1019 stipuleris3
619 961 687 1018 quae
702 962 746 1000 res
761 943 860 1015 efficit,
882 953 942 1001 uta
963 962 1005 1001 me
1019 945 1150 1004 liberetur
1163 957 1191 1006 et

239 1032 348 1104 incipiat
369 1029 417 1085 tibi
436 1030 533 1094 teneri.
569 1044 636 1102 quae
663 1030 760 1084 dieitur
785 1031 894 1086 nouatio
915 1029 1099 1102 obligationis.
1138 1029 1189 1092 89.

239 1114 303 1171 Siue
323 1116 373 1170 irae
387 1129 452 1169 uero
467 1114 612 1169 nouatione
628 1129 683 1168 non
704 1114 809 1185 poteris
827 1122 875 1169 tuo
894 1115 1003 1170 nomine
1022 1130 1119 1188 agere,
1141 1117 1189 1172 sed

187 1196 229 1245 64·
239 1198 321 1255 debes
341 1214 375 1253 cx
394 1214 510 1271 persona
529 1212 586 1253 mea
601 1198 679 1270 quasi
698 1198 825 1270 cognitor
842 1195 848 1269 Ι
867 1204 913 1254 aut
932 1208 1093 1271 procurator
1115 1217 1190 1257 meus

238 1283 362 1357 experiri.

300 1363 353 1423 40.
377 1365 520 1439 Sequitur,
542 1372 573 1421 ut
595 1365 800 1436 admoneamus,
823 1367 896 1438 apud
908 1367 1067 1439 peregrinos
1081 1366 1191 1440 quidem

239 1467 321 1508 unum
347 1466 407 1506 esse
431 1450 593 1517 dominium
621 1466 683 1505 uam
709 1457 755 1504 aut
776 1448 900 1505 dominus
922 1451 1037 1523 quisque
1059 1459 1116 1522 est,
1145 1460 1192 1507 aut
1279 1481 1280 1532 p

238 1534 363 1590 dominus
383 1549 437 1589 nou
452 1532 629 1605 intellegitur.
667 1548 722 1605 quo
743 1534 803 1587 iure
823 1534 903 1588 stiam
923 1534 1041 1605 populus
1056 1533 1192 1591 Romanus

238 1617 302 1674 olim
318 1615 458 1673 utebatur:
479 1625 526 1672 aut
540 1618 610 1671 euim
625 1631 657 1670 ex
672 1618 731 1671 iure
746 1614 889 1682 Quiritium
903 1619 1090 1690 unusquisque
1104 1618 1192 1675 domi·

237 1709 371 1772 usserat,
386 1709 434 1757 aut
447 1716 503 1757 nou
518 1699 729 1773 intellegebatur
743 1699 877 1755 domiuus.
911 1708 955 1755 set
968 1710 1063 1774 postea
1080 1702 1192 1766 diuisio-

236 1802 296 1843 nem
311 1787 413 1859 accepit
428 1784 592 1854 dominium,
615 1791 647 1839 ut
662 1783 730 1839 alius
745 1785 832 1856 possit
852 1799 912 1839 esse
927 1800 959 1838 cx
974 1785 1033 1840 iure
1048 1784 1191 1852 Quiritium

236 1870 370 1941 dominus,
386 1869 453 1925 alius
469 1870 496 1924 lu
511 1868 589 1924 bonis
604 1866 713 1923 habore.
756 1864 799 1923 41.
823 1866 887 1922 llam
903 1868 926 1923 si
941 1868 989 1923 tibi
1003 1884 1061 1924 rem
1077 1872 1192 1943 mancipi

234 1970 323 2027 neque
342 1955 531 2026 mancipauero
550 1967 640 2024 neque
659 1951 687 2006 iu
702 1952 760 2006 iure
775 1966 899 2020 cessero,
920 1959 963 2006 set
984 1961 1087 2009 tautum
1108 1954 1191 2009 tradi·

235 2037 313 2100 dero,
333 2036 452 2093 inbonis
469 2035 576 2108 quidem
591 2036 646 2090 tuis
661 2050 693 2089 ca
713 2049 756 2089 res
771 2032 904 2106 eflicitur,
925 2051 957 2090 en
971 2036 1030 2091 iure
1045 2035 1191 2103 Quiritium

234 2137 303 2178 uero
323 2136 382 2176 mea
402 2117 581 2191 permanebit,
604 2117 691 2173 donec
712 2127 742 2174 tu
764 2135 822 2174 cam
843 2117 1008 2192 possidendo
1030 2123 1190 2193 usucapias:

235 2203 320 2260 semel
334 2203 405 2258 euim
421 2201 531 2274 impleta
547 2202 710 2275 usucapione
725 2202 838 2274 proinde
852 2202 933 2276 pleno
954 2203 1014 2259 iure
1035 2205 1139 2279 incipit,
1161 2205 1191 2260 id

235 2295 277 2343 est
297 2295 325 2341 et
343 2287 371 2341 in
390 2284 468 2341 bonls
488 2293 517 2341 et
538 2301 571 2341 es
590 2287 650 2341 iure
672 2284 814 2352 Quiritium
834 2293 882 2342 tua
901 2302 946 2341 res
966 2302 1045 2359 esse,
1065 2305 1097 2345 ac
1117 2290 1143 2345 si
1157 2305 1190 2345 ea

233 2371 384 2442 mancipata
398 2367 443 2424 uel
458 2367 486 2423 iu
501 2370 559 2425 iure
578 2386 652 2425 cessa
674 2366 776 2442 ’lessst
818 2364 867 2425 42.
896 2370 1040 2441 Usucopio
1061 2368 1257 2445 outsml³nsc1

235 2452 373 2509 mobilium
388 2452 497 2525 quidem
511 2469 601 2508 rerum
611 2470 681 2508 anno
693 2452 856 2526 completur,
871 2452 946 2509 fundi
962 2470 1029 2510 uero
1041 2463 1069 2512 et
1081 2456 1190 2512 aedium

233 2535 356 2610 biennio,
374 2543 402 2592 et
416 2538 453 2592 ita
467 2535 529 2609 lege
543 2552 590 2594 111
605 2536 756 2594 tabularum
771 2545 879 2593 cautum
894 2547 946 2598 est.

294 2616 345 2678 48.
368 2618 493 2678 Ceterum
508 2621 588 2677 etiam
602 2638 693 2678 earum
709 2637 799 2677 rerum
815 2623 945 2695 usucapio
960 2621 1040 2679 uobis
1054 2625 1190 2697 conpetit,

306 2803 326 2873 ¹)
339 2806 480 2857 Excidisss
493 2807 595 2856 uidetur
611 2803 714 2869 ‘quibus
728 2807 792 2870 quid
804 2807 918 2857 diximus
928 2809 991 2871 tisri
1004 2805 1136 2859 aliorum'.

234 2876 257 2945 ¹)
273 2877 318 2927 Em
340 2876 431 2929 discit.
454 2883 479 2925 et
496 2876 602 2926 Locbm.
624 2876 682 2924 edd.
704 2877 790 2938 p'sum'
811 2877 836 2927 0.
861 2892 988 2941 possumus
1006 2881 1046 2929 ed.
1065 2879 1114 2945 139.

233 2946 255 3017 ³)
268 2949 343 2999 Haec
356 2964 374 2998 o
387 2945 493 2996 Lacbm.
507 2948 626 3010 suppleto
639 2952 668 2995 ut
681 2947 866 3008 omitterentur,
879 2951 1014 3012 scriptura
1029 2951 1199 3014 compotores,

232 3021 332 3071 codicis
346 3024 411 3067 esset
424 3022 479 3068 ucat
489 3024 550 3080 post
562 3018 670 3065 similem
683 3032 768 3067 vocem
781 3033 850 3068 cessa
865 3020 969 3069 videtur
982 3020 1106 3083 effecisse.

302 3191 328 3265 ξ.
343 3196 386 3247 38.
407 3192 446 3257 Of.
461 3194 500 3255 55.
515 3204 549 3244 to
564 3204 598 3245 ιο.
612 3203 646 3244 rs.
662 3206 683 3251 s,
697 3205 744 3246 ua.
784 3190 811 3263 ὅ.
826 3196 868 3246 39,
886 3194 924 3258 Of.
939 3208 962 3253 4,
975 3207 1010 3247 ss.
1025 3207 1060 3247 sc.
1100 3191 1127 3265 fl.
1142 3198 1192 3247 40.

234 3266 272 3330 Of.
283 3279 304 3325 1,
313 3277 348 3318 ot.
359 3273 394 3316 sc.
404 3274 451 3315 tta.
466 3275 487 3322 s,
501 3275 535 3315 ss.
550 3274 571 3324 e,
582 3275 628 3315 rec.
652 3263 762 3328 Tieopb.
777 3265 903 3326 1,5.§.4.
953 3261 980 3334 ὅ.
990 3268 1034 3317 41.
1055 3265 1094 3329 Of.
1104 3278 1126 3324 1,
1136 3261 1192 3316 sub.

232 3348 253 3394 s,
269 3347 303 3387 ss.
317 3346 364 3387 sos
379 3347 400 3393 s,
415 3345 449 3385 so.
472 3333 528 3399 Uip.
543 3347 564 3394 1,
579 3346 612 3386 m.
631 3335 664 3384 L.
683 3347 717 3386 ss.
737 3336 760 3397 ς.
779 3346 799 3386 s.
822 3334 855 3383 Ι).
875 3334 908 3384 de
922 3335 965 3385 tib.
979 3350 1061 3386 causa
1075 3333 1125 3403 (so,
1141 3335 1193 3402 υ).

232 3401 259 3474 §-
273 3408 317 3456 42.
338 3404 377 3468 Cf.
396 3403 452 3468 Ulp.
467 3416 500 3464 ts,
515 3416 536 3456 s.
547 3420 592 3468 pr.
606 3404 629 3454 1.
644 3406 677 3455 de
690 3421 764 3456 usuc.
777 3402 809 3471 (s,
818 3403 842 3472 a)
857 3422 913 3455 cum
927 3405 1036 3469 ibeopb,
1053 3406 1105 3456 Cic.
1124 3406 1194 3470 Top.

230 3486 253 3525 4.
268 3475 291 3536 ἕ.
306 3486 340 3525 ss.
351 3489 404 3538 pro
419 3474 493 3524 Oasc.
508 3486 542 3527 1s.
557 3476 631 3538 iufra
644 3476 684 3537 §§.
698 3485 732 3527 ts
747 3486 794 3527 404.
890 3472 916 3544 ξ.
931 3480 974 3527 43.
989 3478 1031 3528 44.
1053 3476 1092 3540 Cf.
1103 3492 1149 3541 pr.
1165 3477 1195 3528 I.

233 3545 277 3595 cit.
296 3543 351 3607 Ulp.
366 3543 400 3593 ib.
415 3543 488 3607 iufra
502 3545 526 3607 5.
539 3556 573 3596 ss.
592 3544 624 3593 L.
639 3559 660 3597 1.
676 3546 708 3595 D.
722 3546 754 3596 ds
768 3560 857 3610 usurp.
883 3558 919 3607 41,
933 3545 964 3612 s).
