2609 3942
212 219 275 284 390
525 233 586 270 can
603 234 702 270 ansata.
720 216 768 271 IV.
788 222 854 270 131⁰.

212 377 287 432 tione
309 382 366 446 est,
389 375 464 431 uelut
486 391 546 430 cum
567 376 595 430 ln
621 373 744 449 singulos
770 389 855 430 annos
875 373 920 430 uel
941 390 1048 430 menses
1069 382 1171 430 certam

212 461 352 534 pecuniam
366 458 485 532 stipulati
501 458 644 514 fuerimus:
668 475 727 513 nam
744 456 826 513 linitis
848 457 1006 531 quibusdam
1029 460 1104 514 annis
1124 469 1172 515 aut

212 543 359 612 mensibus,
375 544 454 599 huius
470 542 578 616 quidem
593 544 724 615 temporis
744 541 884 615 pecuniam
901 543 1031 614 praestari
1048 551 1170 615 oportet,

211 627 367 683 futurorum
393 634 482 682 autem
503 642 633 681 annorum
655 642 719 681 sane
746 625 853 697 quidem
875 623 1004 698 obligatio
1032 635 1172 683 contracta

186 755 187 759 ,
211 711 388 784 intellegitur,
409 711 555 784 praestatio
576 726 643 766 uero
659 709 746 765 adbuc
761 708 835 765 nulla
850 717 906 772 est;
929 710 951 764 si
972 725 1039 783 ergo
1054 709 1171 766 uelimus

212 795 238 850 id
255 794 372 866 quidem,
393 793 466 865 quod
486 795 617 867 praestari
632 802 752 866 oportet,
773 801 864 865 petere
879 801 907 848 et
928 793 956 847 in
976 792 1102 848 iudicium
1124 792 1172 849 de·

213 878 326 949 ducere,
348 877 466 933 loturam
486 893 551 933 uero
568 876 739 950 obligationis
755 878 963 949 praestationem
984 875 1020 931 ’in
1041 871 1172 950 integro¹

212 961 379 1034 relinquere,
400 977 510 1016 necesse
531 969 589 1029 est,
610 969 641 1016 ut
662 977 722 1016 curn
744 961 794 1017 bac
815 961 1029 1033 praescriptione
1044 976 1171 1033 agamus:

212 1060 253 1100 na
267 1061 323 1100 nus
338 1058 479 1114 norrun,
500 1058 590 1101 ovrvs
605 1060 659 1100 nur
673 1058 747 1100 naus
761 1057 849 1100 avar:
872 1043 990 1117 alioquin
1010 1045 1033 1099 sl
1048 1045 1105 1099 sine
1121 1044 1173 1100 bac

212 1128 424 1200 praescriptione
446 1127 596 1200 egerimus,
625 1143 656 1182 ea
678 1126 780 1183 scilicet
802 1127 933 1199 formula,
964 1143 1015 1200 qna
1038 1128 1171 1182 incertum

142 1216 204 1265 233.
214 1211 341 1283 petimus,
366 1202 370 1288 )
394 1210 471 1267 cuins
486 1211 600 1266 intentio
616 1210 658 1266 his
674 1209 763 1265 uerbis
785 1217 914 1284 concepta
936 1219 990 1266 est:
1015 1219 1170 1276 ovmovm

150 1282 168 1321 ‘·
180 1292 197 1321 ⁸¹
212 1311 315 1351 esaar
335 1311 497 1352 uvnumvu
519 1310 675 1352 uncrorvn
696 1310 777 1352 suno
803 1310 920 1352 sannio
945 1309 1029 1351 nanu
1048 1310 1170 1351 uuonan

215 1394 393 1447 orourunn,
417 1386 503 1433 totam
519 1376 727 1454 obligationem,
750 1377 776 1433 id
791 1386 833 1433 est
848 1379 926 1434 etiarn
941 1376 1059 1434 futuram
1074 1380 1103 1433 in
1118 1379 1171 1434 boo

212 1462 340 1518 iudicium
363 1461 534 1531 deducimus,
555 1455 625 1538 (set)
640 1455 682 1517 et²
698 1478 765 1533 quae
781 1470 841 1518 ante
863 1466 979 1535 temlpus
995 1461 1171 1535 obligationis

211 1561 391 1616 permensum
404 1548 447 1616 fit,
461 1544 538 1602 nulio
553 1545 633 1601 modo
650 1544 715 1600 lieri
722 1551 827 1617 potest,
846 1560 901 1602 nec
914 1553 919 1606 Ι
932 1551 1023 1618 postea
1040 1546 1170 1619 permissa

213 1630 315 1700 reliqui
335 1632 435 1700 petitio
460 1637 512 1686 est.
557 1624 631 1686 131³.
662 1627 744 1694 Iltem
770 1630 792 1684 si
815 1628 892 1685 uerbi
913 1631 999 1703 gratia
1021 1645 1053 1684 ex
1075 1636 1167 1702 empto
1182 1641 1240 1694 [sort

213 1727 339 1786 agamus,
354 1719 386 1769 ut
405 1711 483 1768 uobis
504 1711 604 1769 fundus
619 1714 750 1785 mancipio
766 1712 856 1783 detur,
879 1712 1007 1768 debemus
1021 1714 1075 1769 boc
1089 1715 1170 1770 modo

213 1795 411 1869 praescribere:
434 1813 476 1854 nn
495 1811 553 1854 nus
572 1812 700 1854 acerva
719 1812 761 1853 nu
782 1811 885 1853 avuno
901 1811 1119 1867 massmanno,
1140 1805 1171 1851 ut

213 1888 319 1951 postea,
336 1882 359 1935 si
374 1880 489 1936 uelimus
504 1896 615 1936 uacuam
631 1881 833 1953 possessionem
845 1879 921 1935 nobis
938 1879 1015 1955 tradi,
1030 1880 1102 1936 ’eins
1117 1888 1171 1935 tra-

287 2043 306 2111 1)
320 2045 470 2110 Scripsisse
485 2050 517 2110 ci.
532 2065 555 2097 υ.
570 2048 595 2096 d.
611 2047 716 2097 Hoeven
731 2046 866 2113 (Zeitscbr.
878 2047 901 2111 f.
913 2046 944 2096 Ii.
959 2046 988 2096 G.
1008 2046 1069 2096 VII.
1080 2063 1108 2111 p.
1119 2047 1169 2111 259)

212 2123 238 2166 et
252 2116 373 2180 Rudorfii
382 2116 515 2180 probabili
528 2115 608 2182 (nunc
627 2117 653 2165 V
655 2113 677 2149 ‘t
686 2115 800 2182 firmata)
815 2119 873 2167 coll.
891 2116 948 2167 Gai.
958 2129 979 2179 t,
989 2128 1024 2168 att.
1041 2117 1073 2168 L.
1088 2131 1116 2168 44
1125 2132 1169 2180 pr.

212 2187 246 2235 Ι).
254 2188 316 2250 fam.
328 2202 380 2236 erc.
391 2186 437 2252 (10,
447 2186 479 2252 a).
495 2188 518 2235 in
528 2188 619 2235 incerto
633 2187 658 2236 0.
669 2186 727 2236 edd.
738 2189 814 2235 etiam
826 2203 896 2237 meae
906 2199 926 2239 1.
937 2198 957 2238 a.
1014 2183 1035 2251 ¹)
1050 2188 1171 2237 Priorem

211 2272 308 2314 eorum,
322 2271 387 2320 quae
400 2264 554 2320 sequuntur,
574 2259 601 2305 in
618 2256 658 2305 ed.
672 2267 687 2306 t
704 2258 890 2308 restitutionem
904 2259 1020 2315 correxi,
1037 2264 1065 2306 nt
1079 2265 1103 2306 et
1122 2257 1150 2306 V
1150 2253 1171 2289 ’ἲ

211 2333 237 2375 et
250 2327 338 2374 sensui
347 2328 425 2388 plene
433 2326 606 2387 satisfaceret.
630 2327 783 2376 Permensnm
794 2329 865 2376 discit
877 2327 964 2386 Gaius,
980 2330 1040 2391 quia
1050 2342 1169 2376 mensura

212 2396 289 2443 annis
305 2396 344 2443 nel
357 2394 484 2444 mensibus
498 2396 614 2458 fortasse
629 2397 803 2460 compluribus
818 2399 862 2461 fit,
880 2398 943 2447 nullo
961 2398 1032 2447 modo
1051 2400 1169 2463 intellege

211 2480 259 2514 nec
269 2479 319 2528 per
334 2467 459 2514 incertam
473 2468 645 2517 intentionem.

211 2654 294 2689 uacua
304 2643 467 2703 possessione
481 2642 609 2691 tradenda
624 2644 658 2707 (ξ.
673 2641 757 2708 last),
772 2650 877 2705 poterat
893 2644 925 2693 de
936 2644 1037 2706 futuris
1046 2650 1168 2706 praesta·

211 2709 324 2761 tionibus
336 2712 412 2760 simul
426 2712 462 2761 ad
474 2713 686 2775 interponendam
701 2715 843 2763 cautionem
853 2716 899 2778 api
912 2713 954 2780 (L.
964 2726 999 2764 41.
1016 2714 1048 2761 D.
1058 2714 1090 2762 de
1101 2714 1169 2761 iudi·

212 2782 292 2844 ciisa,
302 2794 322 2832 1.
343 2781 394 2831 Oic.
405 2796 457 2845 pro
469 2782 545 2832 Base.
557 2782 623 2832 Gom.
633 2794 655 2844 4,
665 2781 701 2845 ιι)
716 2784 823 2847 ideoque
831 2785 1008 2847 praescriptio
1019 2785 1169 2833 necessaria

212 2867 262 2902 non
276 2859 341 2901 erat.
367 2867 394 2900 ea
408 2867 443 2900 sc.
458 2853 526 2901 torm.
541 2868 564 2916 q.
579 2850 638 2919 inc]
655 2854 690 2916 cf.
705 2853 736 2903 L.
752 2864 785 2905 aa.
800 2856 823 2916 §-
838 2865 858 2905 s.
878 2854 910 2902 D.
926 2855 957 2903 de
975 2852 1043 2902 oerb.
1058 2852 1107 2902 obl.
1123 2853 1168 2919 (45,

211 2922 243 2987 1).
261 2937 343 2985 supra
357 2923 397 2984 ἐξ.
411 2933 445 2972 m.
460 2933 494 2973 54.
567 2918 592 2990 ξ
609 2924 683 2974 131⁸.
705 2923 743 2986 Of.
758 2923 790 2972 L.
804 2935 838 2974 48.
858 2926 881 2985 5.
897 2937 918 2976 a.
942 2924 974 2973 D.
989 2925 1021 2973 de
1035 2923 1112 2972 aedil.
1128 2924 1167 2973 ed.

211 2991 256 3057 (21,
266 2991 299 3055 1),
309 2991 360 3051 ubi,
371 2993 432 3056 quia
443 2994 469 3040 ia
476 2993 577 3055 factum
586 2995 655 3043 actio
665 3000 723 3042 erat
731 3000 755 3042 et
770 2995 861 3043 iterum
871 2997 959 3059 agenti
967 2995 1022 3044 doli
1030 2995 1168 3056 replicatio

207 3061 362 3126 proficiebat
374 3060 419 3127 (cf.
435 3062 471 3111 ad
483 3063 507 3124 ἕ.
522 3061 581 3128 tm),
595 3065 652 3113 sola
662 3065 811 3127 praedictio
824 3064 982 3127 sufficiebat,
997 3079 1029 3113 ne
1042 3064 1074 3112 de
1088 3065 1168 3114 omni·

211 3132 258 3182 bus
270 3134 341 3181 vitiis
354 3138 437 3183 aetum
452 3147 506 3182 esse
520 3134 660 3184 videretur.
679 3132 778 3183 Similia
791 3141 829 3185 est
842 3139 870 3183 in
887 3150 941 3185 rem
955 3136 1023 3184 actio
1039 3133 1088 3198 (uel
1102 3135 1169 3183 certi

211 3203 341 3253 condictio
355 3204 379 3264 ἕ.
389 3203 437 3254 53⁸.
452 3202 489 3268 55)
503 3217 538 3251 eac
551 3205 662 3266 speciali
675 3219 763 3255 causa.
781 3204 814 3254 L.
829 3217 862 3255 11.
882 3206 906 3266 ξ.
921 3217 941 3256 2.
960 3205 993 3253 D.
1008 3205 1040 3253 de
1054 3220 1112 3253 eacc.
1127 3206 1169 3253 rei

211 3273 264 3321 iud.
279 3272 325 3337 (44,
339 3272 370 3336 a).
394 3271 458 3321 Item
470 3275 495 3322 si
508 3273 572 3338 qaid
584 3281 662 3323 eastra
677 3275 792 3324 ordinem
802 3276 911 3338 petitur.
935 3275 967 3325 L.
982 3286 1008 3326 'aa
1018 3290 1062 3338 pr.
1089 3275 1121 3323 D.
1137 3275 1168 3324 de

211 3344 259 3405 lep.
273 3353 294 3392 a.
313 3349 339 3390 ut
348 3350 431 3405 postea
442 3338 502 3410 eta]
518 3358 573 3392 cum
584 3344 656 3406 forte
671 3346 796 3404 conuenit,
811 3353 839 3394 ut
848 3353 941 3408 postea
955 3345 1115 3404 traderetur,
1130 3346 1170 3394 uel

211 3425 267 3458 cum
285 3412 389 3461 interim
407 3414 533 3462 intererat
547 3416 659 3473 actoris,
678 3430 709 3463 ne
719 3416 829 3479 pignori
842 3414 971 3481 obligaret
983 3415 1110 3473 uenditor,
1130 3417 1170 3465 uel

210 3493 242 3526 ne
261 3481 404 3530 creditores
422 3484 477 3531 eius
496 3484 692 3533 immitterentur
706 3491 730 3533 et
748 3485 894 3535 venderent.
924 3484 978 3535 Nec
997 3487 1023 3534 in
1043 3486 1170 3536 eiusmodi

210 3547 313 3595 casibus
326 3550 434 3600 nocebat
446 3554 565 3614 exceptio
580 3555 633 3603 litis
647 3554 776 3604 diuiduas.
798 3555 836 3617 Of.
851 3558 874 3617 ἓ.
889 3567 937 3607 123.
