2609 3942
186 163 246 226 188
488 175 550 210 unu
567 175 666 210 nssrrn.
685 157 705 211 l.
724 162 833 211 oo-ot.

185 318 352 374 contraxisse
367 317 502 375 dicuntur.
532 315 640 372 ethaeo
655 314 721 371 adeo
743 316 779 370 ita
801 322 878 384 sunt,
903 323 934 370 ut
955 317 1077 389 quamuis
1093 332 1143 389 per

185 401 355 473 adoptionem
382 408 523 473 pareutum
547 398 730 455 liberorumne
749 399 812 454 loco
834 398 883 453 sibi
905 415 967 454 esse
992 402 1141 472 coeperint,

185 501 240 539 nou
256 487 362 556 possint
376 484 447 538 inter
462 499 491 538 se
502 484 673 537 matrimonio
688 483 828 555 coniungi,
843 484 1001 553 intantum,
1016 491 1047 538 ut
1062 485 1142 538 etiam

185 567 316 622 dissoluta
331 567 477 640 adoptione
492 565 561 622 idem
576 566 643 620 iuris
659 573 779 638 maneat,
797 567 887 638 itaque
902 582 976 637 eam,
994 583 1062 638 quae
1078 566 1143 621 mihi

185 667 234 724 per
248 651 419 724 adoptionem
432 648 500 705 filiae
511 657 558 703 ant
568 651 657 721 neptis
670 647 732 705 loco
745 665 806 704 esse
816 651 946 721 coeperit,
962 666 1017 705 non
1029 643 1142 722 potero¹

185 751 296 791 uxorem
318 735 433 802 ducere,
462 734 585 805 quamuis
608 749 665 788 eam
692 727 940 804 emancipauerim.²
994 730 1045 790 60.
1069 734 1144 788 Inter

185 835 230 874 eas
253 834 361 891 quoque
383 832 526 890 personas,
551 832 619 889 quae
641 832 674 872 ex
698 824 853 871 transuerso
876 817 961 889 gradu
978 818 1144 888 cognatione

184 903 350 975 iunguntur,
379 908 421 955 est
448 899 577 971 quaedam
600 899 693 954 similis
716 899 887 967 obseruatio,
910 899 957 955 sed
978 916 1033 954 uon
1056 906 1142 955 tanta.

185 980 229 1040 61.
251 983 320 1038 Sane
341 975 465 1060 '(enim)³
486 984 557 1038 inter
578 982 688 1038 fratrem
711 991 738 1038 et
760 999 881 1038 sororem
905 982 1055 1055 prohibitae
1077 991 1143 1038 sunt
1157 989 1217 1042 [1161

186 1068 305 1139 nuptiae,
328 1068 386 1122 siue
401 1066 495 1122 eodem
517 1075 592 1139 patre
612 1066 758 1138 eademque
773 1075 857 1121 matre
875 1068 929 1121 uati
951 1067 1062 1136 inerint,
1084 1068 1144 1122 siue

186 1151 317 1207 alterutro
334 1166 443 1206 eorum:
467 1150 515 1205 sed
537 1151 559 1204 si
582 1166 635 1223 qua
658 1148 707 1223 p'er
720 1149 893 1222 adoptionem
908 1166 989 1205 soror
1003 1150 1066 1205 mihi
1082 1166 1143 1206 esse

186 1236 316 1307 coeperit,
332 1250 411 1306 quam
427 1233 473 1288 diu
488 1233 595 1306 quidem
611 1241 717 1288 constat
732 1233 851 1306 adoptio,
874 1249 938 1288 sane
960 1235 1031 1288 inter
1051 1250 1092 1289 me
1115 1243 1144 1289 et

187 1334 243 1373 eam
259 1319 367 1391 nuptiae
382 1334 437 1372 non
451 1325 567 1389 possunt
582 1319 746 1384 consistere;
766 1333 827 1372 eum
843 1332 909 1371 uero
931 1334 980 1390 per
994 1318 1144 1390 emancipa-

187 1403 288 1457 tionem
303 1401 412 1474 adoptio
428 1400 558 1456 dissoluta
574 1401 618 1470 sit,
641 1409 739 1473 potero
754 1416 811 1455 eam
826 1416 937 1455 uxorem
958 1400 1073 1468 ducere;
1095 1400 1144 1455 sed

188 1487 253 1540 etsi
270 1500 323 1557 ego
344 1487 523 1557 emancipatus
543 1483 632 1553 fuero,
656 1484 721 1538 nihii
744 1484 934 1556 impedimento
957 1485 1010 1539 erit
1032 1486 1143 1557 nuptiis.

188 1564 237 1627 62.
255 1567 354 1622 Fratris
369 1565 449 1622 filiam
465 1584 575 1624 atrorem
590 1567 688 1623 ducere
704 1567 780 1622 licet:
795 1567 876 1639 idque
890 1568 1007 1639 primum
1021 1568 1049 1621 in
1065 1583 1143 1622 nsum

188 1653 273 1713 uenit.
285 1668 344 1707 cum
354 1651 432 1706 diuus
443 1650 761 1724 Claudiusngrippinam,
774 1651 865 1705 fratris
875 1654 916 1704 sui
929 1649 1022 1722 tiliam,
1033 1667 1143 1706 uxorem

188 1735 323 1791 duxisset:
340 1737 442 1791 sororis
457 1752 523 1791 uero
540 1733 619 1790 iiiiam
632 1751 742 1789 uxorem
757 1734 856 1791 ducere
870 1751 925 1789 non
940 1734 1011 1794 licet.
1038 1734 1145 1790 ethaeo

135 1825 174 1873 17.
187 1821 225 1876 ita
244 1819 436 1893 principalibus
457 1816 698 1875 constitutionibus
720 1816 918 1891 significantur.
936 1813 940 1892 Ι
956 1818 1023 1874 item
1038 1819 1144 1873 amitam

189 1912 217 1959 et
231 1911 401 1960 materteram
416 1919 526 1958 uxorem
542 1902 641 1956 ducere
656 1917 711 1955 non
731 1901 803 1956 iicet.
838 1897 888 1957 63.
903 1902 966 1956 item
986 1918 1055 1973 eam,
1076 1917 1145 1973 quae

113 2018 144 2062 ps
188 1988 252 2042 mihi
268 1986 402 2061 quondam
418 2002 512 2040 socrus
527 1991 574 2038 aut
588 1999 673 2037 nurus
688 1993 734 2038 aut
748 1986 872 2057 priuigna
888 1993 935 2040 aut
949 2001 1065 2041 nouerca
1080 1984 1144 2040 fuit.

187 2071 248 2127 ideo
271 2079 359 2125 autem
381 2068 496 2122 diximus
519 2065 699 2138 ‘quondam',
722 2069 784 2140 quia
807 2070 829 2123 si
847 2069 935 2124 adhuc
956 2076 1082 2123 constant
1096 2084 1144 2123 eae

187 2155 308 2227 nuptiae,
323 2167 372 2224 per
387 2167 453 2222 quas
467 2150 527 2205 talis
543 2147 666 2204 adfinitas
681 2152 799 2222 quaesita
815 2161 873 2223 est,
895 2152 945 2206 alia
960 2153 1064 2207 ratione
1080 2151 1143 2205 mihi

188 2244 272 2307 nupta
287 2238 346 2290 es'se
361 2249 416 2288 non
430 2240 531 2306 potest,
554 2235 614 2305 quia
637 2250 727 2306 neque
749 2234 839 2290 eadem
862 2235 968 2290 duobus
984 2243 1068 2307 nupta
1083 2250 1144 2290 esse

188 2325 291 2391 potest,
306 2333 394 2388 neque
409 2316 478 2371 idem
494 2317 559 2371 duas
576 2333 674 2372 uxores
690 2317 796 2378 habere.
832 2314 880 2374 64.
896 2318 967 2391 Ergo
984 2320 1007 2373 si
1022 2319 1082 2390 quis
1097 2334 1143 2374 ue·

189 2403 268 2457 sarias
283 2408 363 2473 atque
378 2401 492 2456 incestas
508 2402 615 2474 nuptias
626 2404 800 2472 contraxerit,
815 2418 904 2474 neque
919 2418 1030 2457 uxorem
1043 2400 1144 2457 ‘habere

188 2485 307 2553 uidetur,
317 2500 403 2555 neque
415 2482 529 2540 liberos:
540 2487 631 2557 itaque
644 2485 682 2556 hi,
692 2487 737 2556 qui
750 2502 783 2540 ex
794 2502 826 2541 eo
836 2488 909 2541 coitu
918 2495 1078 2558 nascuntur,
1090 2501 1143 2539 ma-

188 2578 257 2625 trem
269 2567 374 2641 quidem
385 2566 484 2624 habere
495 2567 630 2638 uidentur,
644 2577 747 2641 patrem
755 2586 821 2625 uero
829 2586 883 2625 nou
891 2570 996 2642 utique,
1009 2586 1059 2625 uec
1070 2568 1104 2624 ob
1116 2568 1143 2623 id

187 2655 215 2708 in
230 2660 366 2725 potestate
380 2653 438 2707 eius
450 2662 522 2722 sunt,
539 2653 699 2723 (sedicunt,
717 2653 809 2725 quales
824 2647 867 2724 ii⁴,
883 2670 952 2726 quos
963 2662 1047 2708 mater
1058 2652 1143 2725 uulgo

188 2737 326 2809 concepit:
348 2751 409 2790 nam
424 2736 492 2790 ethi
509 2745 610 2809 patrem
627 2735 726 2791 habere
741 2753 795 2792 uon
811 2736 1019 2810 intelleguntur,
1040 2753 1100 2793 cum
1120 2737 1144 2790 is

262 2902 281 2970 1)
290 2911 374 2968 potero
384 2918 436 2952 eam
451 2899 501 2952 W.
554 2898 882 2967 ‘temanctpauertmusVst
926 2900 1143 2971 6135155551)-

183 2979 262 3039 pleni.
322 2972 766 3039 4)ᾳ5515555510.ειίᾱ.66612.
791 2972 1050 3038 Loenupt.(1,1o).
1078 2973 1144 3022 Inde

186 3048 300 3111 fortasse
313 3046 425 3094 rectius:
441 3045 522 3107 (sunt,
536 3043 582 3091 sed
595 3041 671 3107 tales)
686 3051 748 3104 snut,
767 3044 848 3106 qrtaies
863 3050 917 3093 suut
930 3044 955 3092 hi
969 3045 1008 3093 ed.
1024 3044 1073 3094 Kr.
1087 3055 1107 3093 1.

187 3159 399 3169 ----

177 3246 185 3255 ι
257 3217 354 3288 6660.
370 3222 411 3270 61.
427 3218 528 3279 ==§.s.
548 3218 794 3281 documentum).
820 3218 859 3281 Cf.
874 3218 992 3281 Uipso.
1061 3215 1085 3286 6.
1101 3221 1142 3271 62.

190 3290 228 3355 Of.
243 3293 283 3352 §§.
298 3301 318 3340 5.
333 3299 353 3339 5.
373 3288 395 3337 Ι.
411 3289 466 3338 eod.
481 3288 536 3352 lltp.
551 3300 572 3345 5,
587 3300 606 3339 5.
633 3288 721 3337 Cottae.
733 3300 753 3345 o,
767 3299 788 3337 4.
807 3289 831 3349 §-
847 3301 867 3339 5.
890 3288 1142 3352 Tacit.A.1a,sseq.

187 3374 221 3416 1o‚
234 3372 254 3410 a.
273 3359 342 3408 Soet.
360 3358 449 3408 Otnod
460 3371 493 3410 so.
507 3371 541 3410 se,
555 3370 589 3409 so.
609 3357 661 3407 Dio
670 3369 705 3413 55,
719 3369 740 3406 a.
786 3354 810 3425 6.
822 3361 863 3409 55.
881 3359 919 3420 Of.
930 3360 969 3420 §u
984 3372 1003 3409 c.
1019 3371 1038 3408 a.
1054 3359 1142 3409 Leod.

192 3430 247 3493 Ulp.
267 3441 292 3487 5,
311 3441 332 3479 5.
362 3428 451 3478 collat.
472 3441 496 3486 o,
516 3441 535 3479 5.
559 3431 582 3490 6.
602 3439 622 3478 5.
699 3424 725 3495 6.
745 3430 786 3479 64.
813 3428 947 3492 06615.
973 3428 1067 3479 Laod.
1088 3445 1143 3478 com

186 3499 298 3550 Sodrad.
