2609 3942
450 204 509 238 osu
527 205 623 241 msam.
641 188 662 242 Ι.
684 194 823 242 teo-188.
1051 192 1112 255 217

154 359 209 399 non
229 348 346 416 poterat,
369 343 436 398 alius
457 322 580 415 dabatur,
603 358 657 416 quo
673 350 784 400 auctore
801 345 869 419 legis
884 349 954 402 actio
969 363 1113 420 peragere·

154 434 213 481 tur:
238 428 283 498 qui
300 427 438 483 dicebatur
453 428 607 501 praetorius
621 422 731 498 'tutor,¹
756 430 818 500 quia
833 448 847 484 a
869 439 993 501 praetore
1010 430 1112 488 urbano

153 504 306 585 da(ba)tur.
345 519 388 566 set
409 519 472 585 post
493 511 613 567 subiatas
637 510 707 584 legis
731 512 850 567 actiones
877 513 983 585 quidam
1006 521 1110 587 putant,

154 595 223 649 bano
237 595 354 667 speeiem
370 594 448 650 dandi
464 596 563 649 tutoris
585 597 612 650 in
633 610 685 649 usu
707 611 767 650 esse
789 595 908 664 desisse,
930 595 990 653 aliis
1003 592 1111 654 outem²

154 678 258 750 piacet3
274 676 312 733 'et
326 695 397 734 nune
411 680 438 733 in
455 694 505 734 usu
519 694 596 750 esse,
612 679 634 733 si
651 678 772 750 legitimo
788 679 888 734 iudicio
903 673 1023 752 agatur.³

215 758 280 817 185.
297 760 324 816 Si
339 763 383 818 oui
398 761 488 817 nuilus
504 763 613 818 omnino
627 770 703 819 tutor
717 764 763 833 sit,
778 764 803 819 ei
814 762 894 818 datur
907 765 936 817 in
952 761 1017 818 urbe
1029 762 1113 819 Roma

153 845 261 918 exlege
277 845 356 900 Atilia
377 862 391 901 a
413 853 538 919 praetore
552 846 658 901 urbano
674 855 701 902 et
722 848 821 902 maiore
844 856 920 920 parte
942 846 1112 903 tribunorum

152 928 247 1002 piebis,
269 929 314 1001 qui
330 928 460 984 Atilianus
481 936 556 984 tutor
571 938 699 998 uocatum
720 931 747 985 in
762 932 908 1003 prouinciis
925 946 990 986 uero
1006 948 1021 986 a
1036 946 1112 1003 prae·

153 1011 255 1067 sidibus
271 1014 470 1085 prouinciarum
485 1006 553 1090 (ex)
568 1012 629 1086 lege
650 1013 714 1068 iuiia
729 1022 757 1068 et
772 1013 851 1068 Titia.
880 1009 945 1070 186.
964 1013 996 1069 lit
1010 1013 1073 1070 ideo
1088 1016 1112 1070 si

152 1098 195 1152 cui
211 1104 373 1153 testamento
389 1103 466 1152 tutor
480 1095 531 1152 sub
546 1097 705 1153 condicione
719 1104 766 1153 aut
781 1113 813 1152 ea
824 1098 866 1152 die
881 1107 955 1154 certo
971 1098 1050 1153 datus
1065 1101 1110 1169 sit,

152 1181 279 1253 quamdiu
301 1181 422 1236 condicio
444 1187 492 1236 aut
506 1181 563 1236 dies
578 1181 689 1254 pendet,
712 1190 787 1236 tutor
801 1180 857 1235 dari
878 1190 984 1255 potest;
1006 1183 1071 1237 item
1088 1184 1111 1238 si

152 1281 220 1337 pure
235 1264 315 1320 datus
330 1263 423 1334 iuerit,
445 1265 572 1337 quamdiu
594 1281 674 1320 nemo
689 1265 769 1320 heres
784 1266 891 1336 existat,
915 1265 1014 1320 tamdiu
1030 1281 1062 1320 es
1077 1266 1110 1320 ris

81 1356 138 1411 [1441
153 1347 259 1420 legibus
276 1356 351 1403 tutor
366 1348 499 1420 petendus
514 1358 570 1422 est3
587 1351 633 1421 qui
648 1350 746 1404 desinit
760 1353 836 1403 tutor
851 1364 920 1419 esse,
936 1357 1110 1421 posteaquam

153 1430 249 1502 aliquis
265 1447 297 1486 ex
313 1438 473 1487 testamento
496 1438 573 1488 tutor
595 1448 654 1487 esse
675 1432 806 1504 eoeperit.
842 1427 905 1488 187.
929 1431 968 1486 ΑΙ)
984 1431 1110 1486 hostibus

155 1529 264 1584 quoque
279 1520 371 1568 tutore
385 1522 464 1586 oapto
480 1531 512 1569 ea
527 1516 570 1570 bis
586 1514 693 1588 legibus
714 1523 789 1571 tutor
811 1516 866 1589 peti
888 1515 977 1585 debet,
1002 1515 1047 1587 qui
1062 1512 1109 1569 de·

154 1596 218 1650 sinit
244 1603 320 1650 tutor
340 1612 411 1665 esse,
432 1598 456 1650 si
475 1597 509 1666 is,
533 1600 578 1669 qui
593 1608 689 1670 eaptus
704 1607 753 1667 est,
777 1600 804 1652 in
826 1601 962 1654 ciuitatem
984 1614 1110 1654 reuersus

153 1678 251 1733 suerit:
271 1694 331 1732 nam
347 1694 473 1733 reuersus
489 1681 584 1751 recipit
599 1681 712 1735 tutelam
726 1683 785 1735 iure
801 1681 968 1751 postiiminii.
992 1676 996 1755 i

217 1758 284 1817 188.
301 1759 336 1815 Ex
352 1762 395 1817 Itis
411 1769 531 1834 apparet,
547 1769 615 1833 quot
626 1765 680 1817 sint
693 1757 812 1834 speeies⁴
828 1763 982 1819 tutelarum.
1008 1765 1031 1818 si
1043 1779 1108 1818 uero
1119 1763 1160 1814 bb.

154 1860 329 1918 quaeramus,
348 1847 375 1900 in
390 1852 459 1917 quot
473 1861 573 1918 genera
588 1846 637 1900 hae
652 1847 756 1918 speeies
771 1844 947 1913 deducantur,
963 1845 1044 1918 ionga
1059 1847 1111 1901 erit

153 1930 317 2001 disputatio:
340 1945 400 1985 nam
423 1928 456 1985 de
479 1945 508 1985 ea
531 1945 560 1985 re
584 1928 662 1984 ualde
683 1936 791 1984 ueteres
814 1928 1017 1986 dubitauerunt.
1056 1929 1111 1985 Nos

152 2007 244 2087 'quiai
258 2010 416 2083 diligentius
432 2013 505 2069 huno
521 2020 665 2069 tractatum
681 2014 800 2068 exsecuti
823 2029 915 2068 sumus
938 2021 966 2067 et
986 2013 1013 2069 in
1031 2012 1111 2068 edicti

151 2099 385 2169 interpretatione,
400 2107 428 2152 et
443 2098 470 2151 in
485 2097 526 2151 bis
543 2097 626 2168 libris,
644 2113 712 2170 quos
729 2112 760 2152 ex
776 2095 875 2164 Quinto
888 2097 974 2153 iinoio
990 2096 1112 2165 fecimus,

151 2181 206 2237 hoe
216 2173 329 2237 'sotum⁶
340 2182 471 2253 tantisper
483 2180 582 2236 suificit
594 2181 774 2251 admonuisse,
787 2179 861 2253 quod
873 2179 978 2253 quidam
994 2183 1112 2252 quinque

153 2280 252 2337 genera
267 2280 326 2319 esse
342 2264 475 2334 dixerunt,
491 2272 522 2319 ut
537 2262 652 2330 Quintus
670 2264 788 2333 Mucium
811 2264 857 2320 aiii
871 2267 930 2334 tria,
954 2273 988 2321 ut·
999 2264 1110 2320 Seruius

153 2363 365 2372 Μ

150 2406 210 2470 fere
224 2407 333 2463 litterae,
348 2419 412 2468 quae
426 2419 482 2453 eum
496 2403 568 2455 Stdo
582 2405 633 2453 elae
646 2420 702 2454 esse
711 2408 829 2468 potuisse
843 2408 913 2455 visae
927 2409 979 2455 sint
989 2406 1063 2467 (male
1072 2421 1108 2455 so.

153 2484 182 2525 ut
195 2477 263 2525 alias
277 2477 407 2537 explicata
422 2482 482 2524 nota
496 2474 550 2540 tut),
564 2477 685 2537 supplere
700 2478 772 2525 nolui
785 2491 825 2524 -or
839 2477 870 2540 qd
883 2498 917 2517 =
932 2483 996 2524 tutor
1005 2476 1108 2540 quidem.

156 2543 176 2609 ¹)
191 2546 277 2594 tutelae
300 2546 327 2594 V
328 2542 348 2577 st
365 2546 430 2594 male
447 2547 579 2607 explicata
599 2551 761 2594 notamine
774 2547 855 2608 paulo
870 2553 930 2608 post
940 2561 991 2607 pro
1011 2561 1024 2593 a
1042 2548 1110 2595 scri·

148 2624 222 2681 ptum
236 2623 274 2665 est
287 2623 334 2664 aut.
398 2611 419 2680 ²)
434 2614 478 2663 Ex
497 2615 524 2662 V
525 2612 557 2675 ’ῖς
567 2630 619 2676 pro
635 2621 713 2661 autem
727 2615 803 2662 etiam
818 2629 874 2662 uero
890 2617 1007 2677 suppleri
1015 2622 1108 2677 potest.

154 2683 236 2752 ⁸)Ear
255 2686 280 2735 V
282 2681 303 2718 ¹²
319 2687 396 2735 etiam
410 2687 461 2748 tepi
475 2692 561 2746 potest
575 2685 661 2732 atbuno
678 2698 747 2732 corr.
763 2684 847 2731 adbuc.
898 2682 921 2748 ⁴)
934 2685 979 2733 En
998 2681 1042 2733 11¹²
1057 2693 1110 2733 sta·

152 2764 225 2806 tuere
240 2758 310 2815 lieet,
330 2755 466 2804 librarium
480 2770 503 2803 o.
523 2755 571 2802 sint
584 2755 661 2802 etiam
676 2760 736 2815 post
754 2754 849 2816 species
863 2754 977 2802 seribere
991 2757 1109 2804 votuisse.

154 2825 176 2891 ⁶)
191 2828 232 2890 qui
248 2826 272 2875 0.
337 2822 358 2890 ο)
373 2832 447 2872 totum
464 2824 489 2872 0.
518 2825 611 2875 omittit
624 2831 716 2873 eontra
732 2823 794 2872 Gaii
807 2837 901 2872 morem
914 2824 954 2871 ed.
969 2823 1018 2872 Kr.
1034 2836 1054 2874 2.

153 2971 199 3014 tut.
211 2962 242 3030 (1,
251 2961 296 3029 tt).
311 2963 374 3025 legit.
385 2961 486 3031 iudicio]
497 2965 532 3027 of.
542 2977 563 3029 4,
574 2976 614 3014 103
622 2978 674 3026 seq.
711 2959 737 3030 §.
750 2964 808 3013 185.
820 2984 854 3003 =
860 2977 903 3024 pr.
914 2960 937 3008 I.
947 2962 979 3010 de
993 2960 1110 3011 Atiliano

153 3042 199 3085 tut.
219 3033 250 3100 (1,
269 3033 313 3097 no).
343 3034 380 3097 Cf.
401 3033 456 3098 Uip.
471 3048 505 3096 11,
525 3047 556 3085 18,
582 3034 656 3095 infra
674 3035 697 3093 §-
718 3044 764 3084 198.
781 3061 812 3069 -
828 3032 888 3080 Lem
903 3031 975 3080 Hau.
989 3029 1061 3093 Satp.
1076 3042 1110 3082 ts.

153 3106 168 3154 i.
189 3105 269 3166 tutia]
289 3107 342 3153 latu
360 3112 420 3153 ante
433 3121 463 3156 ἀ.
481 3116 528 3156 oso.
551 3106 585 3167 et.
602 3104 659 3151 Liu.
674 3114 709 3164 se,
728 3115 748 3153 9.
772 3103 787 3152 i.
807 3103 865 3151 tutta
884 3110 908 3151 et
927 3097 1001 3167 Titia]
1018 3102 1112 3151 incerti

152 3181 224 3233 anni,
238 3176 285 3225 sed
297 3176 364 3225 duae
378 3177 446 3239 iepes
457 3175 533 3237 fuere
547 3173 672 3239 (ibeopb.
689 3185 708 3233 1,
723 3185 749 3224 so
760 3172 814 3238 pr.)
827 3175 942 3236 fortasse
956 3187 980 3221 α.
996 3182 1042 3223 aas.
1072 3172 1109 3235 Cf.

154 3243 259 3295 ‘Gaius’
272 3261 299 3308 p.
315 3257 349 3297 81.
363 3257 397 3296 us.
426 3244 481 3293 Iam
501 3246 583 3295 medio
601 3251 685 3292 tanuen
699 3245 804 3306 septimo
822 3247 908 3292 secuto
928 3245 956 3290 in
966 3243 1112 3304 provinciis

152 3333 203 3366 non
218 3315 367 3365 dedentibus
381 3322 478 3364 tutores
493 3331 509 3363 α
520 3314 688 3377 praesidibus
701 3314 777 3363 datos
790 3328 856 3371 esse,
876 3319 986 3375 apparet
999 3327 1033 3361 err
1046 3312 1111 3362 Dio·
1145 3314 1148 3321 '

153 3388 211 3437 dor.
223 3387 260 3444 fr.
275 3385 318 3435 tib.
338 3384 475 3434 XXXVI.
494 3384 560 3435 Tem.
580 3384 613 3433 X.
624 3400 652 3447 p.
668 3396 715 3436 las.
731 3384 769 3432 ed.
785 3382 849 3447 Epa.
900 3379 926 3450 ξ.
943 3385 1000 3434 186.
1012 3404 1044 3425 =
1055 3385 1078 3444 θ.
1090 3395 1109 3433 1.

153 3457 224 3506 Lib.
275 3452 495 3524 §.187.==§.s.
516 3455 586 3505 Lib.
637 3451 662 3521 δ.
680 3455 739 3504 188.
757 3454 794 3514 Of.
815 3452 869 3517 lltp.
885 3467 918 3519 11,
933 3466 953 3505 s.
972 3452 1112 3503 Boetb.ad

155 3527 207 3576 Cic.
226 3526 286 3590 Tap,
302 3528 325 3588 ξ.
339 3538 373 3578 as.
388 3542 417 3589 p.
432 3537 479 3576 est.
494 3536 542 3576 seo.
561 3524 630 3574 Bait.
