2609 3942
474 246 532 283 amr
549 248 640 285 rnsrrr.
660 230 707 286 IV.
727 231 855 286 tub-55.
1077 231 1143 296 365

191 377 254 431 sime
270 381 539 444 commemoratiolne
555 379 613 433 eius
628 378 680 433 loci
696 387 819 452 petatur,
840 380 916 435 uelut
937 381 960 435 si
976 398 994 435 α
1010 387 1037 436 te
1051 384 1141 452 stipu-

189 462 269 515 latus
284 463 350 515 sim:
369 475 395 518 1
408 477 500 520 Mirm
524 476 722 520 snsrnnmvu
737 478 849 522 ernust
863 466 868 527 l
883 479 967 520 nunu
984 464 1141 520 secunus?

190 546 292 599 deinde
319 559 389 600 uero
410 544 509 600 Romae
529 561 602 618 pure
622 547 676 601 hoc
697 549 778 604 modo
804 546 972 612 intercidam:
1000 562 1142 604 srruunr

193 644 231 686 ra*
247 643 499 697 smrnrruomrm
509 644 535 686 x
549 645 640 686 mmm
652 645 700 686 mr
714 625 900 688 erPVrArV¹
922 635 927 696 Ι
955 645 1040 685 onon
1071 646 1142 686 unm

190 723 369 779 oronrrrnn3
391 714 455 784 plus
469 713 540 767 enim
556 720 659 784 petere
673 716 736 770 ideo
750 716 910 787 immicum,
928 717 996 786 quio
1013 717 1018 780 l
1035 713 1139 770 utilita-

191 801 245 851 tem
260 797 425 868 promissori
442 797 543 865 adimo,
567 812 670 869 quom,
694 800 719 852 si
739 797 849 867 Ephesi
867 800 970 868 dalret,
991 795 1143 853 habiturus

192 886 274 935 esset.
303 876 405 950 llpltesi
418 886 512 935 tumeo
526 882 610 936 etiam
623 896 699 950 pure
711 888 813 951 potero
833 879 838 953 )
858 890 961 954 petere,
979 880 1007 936 id
1030 889 1072 936 est
1086 896 1141 936 non
1151 888 1210 935 207.

191 962 295 1018 adiecto
310 961 380 1018 loco.
416 956 482 1017 aab.
501 961 584 1018 Causa
599 963 661 1037 plus
677 965 787 1037 petitur,
804 965 882 1022 uelut
897 967 920 1021 si
936 966 996 1038 quis
1012 965 1038 1020 iu
1054 965 1141 1020 inten-

192 1050 265 1101 tione
279 1044 359 1101 tollat
374 1045 532 1101 electionem
548 1046 687 1118 debitoris,
704 1048 793 1121 'quarn
808 1043 852 1104 is²
874 1049 954 1105 hahet
969 1047 1141 1121 obligationis

191 1131 260 1199 iure,
276 1128 351 1184 uelut
372 1129 474 1202 siquis
496 1132 533 1185 ita
553 1131 698 1204 stipulatus
718 1134 768 1189 sit:
792 1147 989 1191 snsunnrrvu
1008 1151 1030 1189 x
1050 1147 1142 1190 rums

190 1229 252 1271 svn
266 1228 411 1270 nomnen
426 1227 562 1272 srrcrrvm
581 1231 665 1272 nunu
688 1218 846 1273 secunus?
869 1216 965 1272 deinde
980 1215 1141 1272 alterutrum

191 1290 309 1353 'solum3
325 1312 358 1350 ex
373 1298 414 1352 his
434 1305 523 1370 petat3
546 1314 605 1353 narn
627 1300 751 1371 quamuis
773 1307 863 1370 petat,
886 1298 958 1371 quod
979 1300 1068 1353 miuus
1088 1307 1140 1369 est,

191 1380 252 1452 plus
268 1387 356 1434 tamen
371 1388 465 1453 petere
481 1380 599 1448 uidetur,
621 1381 683 1453 quia
704 1388 797 1451 potest
817 1380 988 1437 aduersarius
1005 1380 1140 1436 interdum

190 1461 296 1517 lacilius
311 1460 337 1515 id
352 1471 500 1534 praestare,
512 1462 585 1534 quod
600 1479 655 1517 non
667 1464 779 1535 petitur.
809 1463 933 1519 similiter
947 1465 1041 1536 siquis
1053 1480 1140 1537 genus

190 1544 334 1619 stipulatus
350 1546 393 1611 sit,
410 1543 506 1600 deinde
526 1547 641 1617 speciem
662 1554 753 1619 petat,
773 1547 850 1602 uelut
871 1549 894 1603 si
914 1549 974 1621 quis
995 1564 1140 1622 purpuram

190 1629 337 1703 stipulatus
347 1629 384 1683 sit
394 1627 569 1700 generaliter,
581 1628 677 1684 deinde
690 1629 795 1701 Tyriam
806 1631 958 1704 specialiter
969 1640 1059 1705 petat3
1075 1633 1140 1705 quin

191 1714 271 1769 etiarn
286 1712 349 1768 licet
363 1711 520 1767 uilissimum
536 1718 618 1784 petat,
634 1711 703 1766 idem
719 1712 786 1767 iuris
801 1722 843 1768 est
862 1722 975 1787 propter
989 1730 1045 1769 eam
1060 1717 1141 1770 ratio·

190 1813 264 1868 nem,
279 1813 358 1869 quam
374 1796 495 1869 proxime
510 1794 633 1850 diximus.
665 1795 735 1849 idem
750 1797 814 1852 iuris
837 1805 889 1867 est,
909 1799 933 1853 si
955 1798 1015 1869 quis
1030 1813 1141 1869 genera·

191 1880 254 1936 liter
269 1881 405 1935 hominem
420 1878 565 1951 stipulatus
580 1880 626 1949 sit,
642 1877 738 1934 deinde
753 1881 910 1935 nominatim
925 1880 1039 1953 aliquem
1056 1889 1141 1953 petat,

192 1964 269 2019 uelut
283 1962 554 2036 Stichum‚·quamuis
577 1962 746 2019 uilissimum.
775 1965 868 2035 itaque
889 1965 959 2019 sicut
978 1966 1034 2037 ipsa
1055 1966 1141 2036 stipu-

191 2047 256 2104 latio
271 2055 402 2121 concepta
417 2056 469 2119 est,
485 2048 560 2103 itaet
576 2046 691 2102 intentio
706 2045 838 2103 formulae
850 2048 956 2120 concipi
970 2046 1059 2102 debet.
1093 2043 1141 2106 54.

191 2131 259 2187 lllud
274 2133 339 2187 satis
355 2139 475 2205 apparet,
491 2131 518 2185 in
537 2130 648 2187 incertis
670 2130 793 2186 formulis
814 2130 875 2204 plus
893 2133 951 2205 peti
972 2147 1028 2186 non
1049 2147 1139 2203 posse,

194 2216 264 2287 quia,
282 2232 342 2271 curn
358 2222 430 2270 certa
445 2217 581 2288 quantitas
596 2230 651 2271 nou
667 2223 789 2288 petatur,
810 2215 857 2271 sed
874 2214 1002 2290 quidquid
1018 2214 1142 2271 aduersa·

126 2312 185 2365 [sos]
195 2300 266 2356 rium
281 2297 343 2354 dare
359 2299 446 2353 lacere
460 2297 597 2370 ’oportere
609 2293 738 2370 poreat⁴
758 2299 927 2371 intendatur,
949 2316 1027 2356 nemo
1050 2306 1143 2373 potest

10 2418 12 2463 ,
193 2381 254 2455 plus
269 2381 417 2438 intendere.
443 2380 513 2436 idern
528 2382 594 2437 iuris
606 2389 649 2436 est
664 2385 726 2439 etsi
741 2384 768 2438 in
779 2400 835 2439 rem
846 2386 964 2441 incertae
975 2386 1059 2459 partis
1072 2385 1142 2441 actio

10 2480 11 2489 ¹
191 2466 251 2522 data
263 2467 308 2535 sit,
322 2465 397 2521 uelut
411 2463 496 2519 ’talisz
515 2478 663 2527 ovusruu
674 2480 801 2522 eunucu
812 2483 913 2524 runnu
923 2484 956 2526 ru
970 2483 1011 2525 no
1027 2483 1142 2538 evuco,

191 2563 253 2613 Qvo
273 2561 620 2617 Dnue1rvn‚ucu0nts
641 2542 749 2604 ussn.⁵
779 2549 851 2620 quod
874 2567 960 2622 genus
981 2554 1093 2607 actionis
1114 2553 1142 2607 in

190 2634 355 2705 paucissimis
377 2634 464 2687 causis
490 2630 546 2685 clari
567 2630 645 2687 solet.
688 2627 736 2686 55.
760 2630 825 2685 ltem
846 2633 932 2704 palam
957 2643 1015 2705 est,
1036 2637 1059 2690 si
1082 2636 1141 2707 quis

263 2779 284 2846 ¹)
298 2781 373 2831 Haec
390 2782 512 2844 specialis
531 2795 624 2830 causae
638 2781 750 2830 adiectio
770 2779 812 2844 (de
830 2796 881 2844 qua
900 2781 934 2842 cf.
953 2780 1095 2839 Quintus.
1114 2781 1142 2833 0.

188 2865 210 2913 4,
225 2866 245 2904 a.
261 2854 284 2914 ξ.
294 2851 326 2916 6.)
342 2853 369 2900 im
383 2852 432 2901 Irae
446 2853 548 2901 actione
561 2853 711 2900 necessario
725 2857 770 2911 est,
786 2853 858 2915 eique
872 2852 983 2914 spatium
997 2852 1102 2914 sufficit.

191 2920 212 2985 ²)
227 2924 280 2989 quis
296 2922 340 2987 (=
351 2920 469 2988 quamuis)
485 2922 511 2969 V
512 2917 540 2973 et·
578 2917 600 2986 8)
610 2923 660 2971 eor'
670 2920 762 2971 Scled.
773 2923 830 2971 edd.
841 2923 959 2972 omittunt
970 2918 1093 2987 [Admisit
1103 2923 1142 2971 ed.

189 2993 237 3058 Bp.
252 2992 283 3060 6].
302 2992 356 3043 Sed
369 2994 457 3043 careri
470 3007 521 3042 nom
531 2998 617 3055 potest
630 3009 652 3041 o.
665 2988 777 3051 ‘solunt’,
792 2995 854 3057 quio
865 2988 1028 3041 ‘alterutrum
1042 3006 1077 3040 em
1090 2990 1141 3042 his'

185 3066 254 3128 petit
266 3065 343 3113 etium
356 3064 401 3127 qui
416 3060 450 3110 ‘X
461 3063 533 3111 milia
547 3059 726 3112 uatSticlrum’
739 3066 812 3126 petit.
824 3062 902 3112 Just:
917 3058 1007 3111 ‘ueluti
1020 3063 1143 3112 hominem

190 3142 287 3184 tantum
301 3134 441 3183 autdecem
450 3148 544 3183 aureos
553 3130 668 3182 tumtum?
721 3130 742 3197 ⁴)
757 3133 802 3181 Em
811 3149 866 3183 meu
876 3137 908 3197 ej.
920 3138 1042 3196 oporteret
1050 3131 1142 3183 Scled.

189 3206 247 3254 eon.
299 3203 321 3271 δ)
335 3204 381 3253 m
399 3199 454 3253 Va.

260 3350 286 3424 ξ.
301 3356 343 3405 54.
369 3354 407 3416 Os.
429 3353 479 3403 Cic.
495 3368 547 3417 pro
563 3352 638 3403 Rosc.
654 3355 671 3401 l.
686 3368 708 3401 c.
725 3353 800 3401 Paul.
815 3351 842 3402 S.
858 3352 889 3402 R.
903 3364 924 3411 a,
938 3365 959 3405 8.
983 3355 1007 3415 ἓ.
1022 3364 1043 3404 s.
1061 3353 1093 3402 L.
1108 3366 1142 3407 is.

189 3426 213 3488 ἕ.
228 3438 248 3476 1.
263 3426 295 3473 D.
310 3427 342 3474 de
355 3426 396 3474 rei
409 3424 479 3473 aiod.
494 3425 525 3490 (6,
539 3422 570 3487 1).
589 3424 621 3472 L.
637 3436 657 3474 1.
672 3425 695 3485 ξ.
710 3433 731 3474 t.
746 3423 779 3471 D.
793 3425 818 3472 si
826 3438 893 3486 pars
906 3424 961 3473 lter.
976 3424 1008 3489 (5,
1021 3423 1053 3490 4).
1074 3425 1105 3473 L.
1121 3438 1142 3476 s.

189 3498 213 3557 §-
224 3508 243 3546 1.
259 3496 291 3544 D.
307 3510 393 3545 comm.
409 3493 516 3560 dic.(10,
531 3493 561 3557 s).
576 3493 608 3541 L.
619 3507 630 3544 1
641 3509 686 3557 pr.
697 3494 729 3541 D.
740 3494 772 3543 de
785 3494 910 3559 interrog.
921 3494 966 3561 (11,
981 3493 1011 3561 1).
1062 3490 1088 3564 ξ
1100 3498 1141 3548 55.

192 3565 230 3630 Os.
246 3567 268 3628 ἓ.
283 3576 316 3618 st.
336 3565 358 3615 I.
373 3566 405 3615 de
418 3572 469 3614 oct.
484 3565 516 3631 (4,
529 3563 553 3629 u)
568 3580 625 3613 cum
642 3564 751 3628 Thespii.
768 3564 884 3615 Frontina.
904 3567 936 3615 de
955 3574 1068 3617 controv.
1083 3581 1141 3631 apr.
