2609 3942
205 186 267 249 358
531 199 592 234 anu
609 198 711 235 1nar1r.
728 181 776 237 IV.
794 185 835 235 38.

204 340 322 411 extendi,
344 338 419 395 uelut
439 340 462 394 si
483 334 579 413 ’Uarii
592 342 640 397 ael
656 355 709 411 ope
724 341 842 396 consilia
860 331 951 412 faeti)
968 337 1038 393 furti
1051 337 1161 393 nomine

204 431 265 498 ngat
281 425 440 498 peregrinus
452 430 498 478 aut
508 440 569 479 cum
581 440 613 479 ea
627 432 742 497 agatur:
757 425 784 477 in
801 414 1027 497 (pereprinnm)¹
1046 420 1161 476 formula

203 510 241 563 ita
255 508 420 578 concipitur:
436 522 533 563 1vnax
544 521 633 565 asro.
673 523 702 563 ει
715 521 835 575 Parnm,
862 502 895 579 (A
909 522 1005 565 arana
1018 517 1163 563 aenam

201 607 285 650 alara
308 593 355 648 net
380 585 460 664 Ὅρα)
481 583 774 648 cons1n10²n10n1s
795 590 944 646 ’annnam
965 589 1058 661 (mar
1073 605 1160 646 arara

204 668 455 755 r1a1o)³1rvarvn
464 689 589 731 raanvn
601 690 677 732 assa
687 689 831 730 Peranna
842 689 976 742 annana,
996 667 1107 739 ’nadad
1117 665 1157 730 aa
1172 691 1224 743 pra

201 778 266 818 nan
281 775 354 827 nvn,
378 773 408 816 ει
435 772 685 816 amandumve
708 774 818 826 asana,
843 774 903 814 eno
925 773 1006 815 avan
1027 773 1159 814 namn

201 859 360 901 naamam}
383 857 571 899 oronnannn
593 850 621 897 et
640 842 757 914 reliqum
778 843 842 898 item
862 842 886 897 si
906 842 1067 915 peregrinus
1092 840 1158 896 iurti

202 935 274 1001 agat,
296 928 392 983 ciuitas
406 926 431 981 ei
445 924 562 981 Romana
582 924 704 999 fingitur.
733 925 857 981 similiter
877 926 900 980 si
922 940 954 980 ex
975 925 1037 998 lege
1052 924 1159 999 Aquilia

135 1015 192 1069 202.
202 1012 362 1084 peregrinus
385 1008 472 1063 damni
496 1001 501 1083 Ι
522 1010 633 1064 iniuriae
654 1018 716 1081 ngat
736 1017 782 1065 aut
806 1025 867 1065 aum
893 1023 926 1064 ea
952 1015 1066 1082 agatur,
1096 1007 1158 1065 ficta

201 1095 310 1149 ciuitate
336 1092 454 1157 Romana
480 1090 608 1146 iudicium
637 1091 726 1149 datur.
768 1089 819 1149 88.
842 1092 984 1148 Praeterea
1014 1092 1158 1166 aliquanda

201 1174 340 1249 fingimus,
356 1168 574 1231 ’aduersarium⁶
588 1183 712 1230 nastrum
728 1176 816 1249 eapite
831 1175 999 1232 deminutum
1013 1192 1068 1231 nan
1083 1193 1156 1232 esse:

200 1276 260 1315 nam
283 1261 306 1315 si
327 1276 358 1314 ex
374 1267 515 1315 contractu
535 1257 612 1314 nobis
633 1258 766 1332 obligatus
789 1259 943 1333 obligataue
962 1261 999 1314 sit
1020 1268 1048 1314 et
1069 1262 1156 1334 capite

200 1343 354 1399 deminutus
370 1342 541 1398 deminutaue
560 1341 652 1412 suerit,
679 1343 753 1398 uelut
769 1343 865 1399 mulier
883 1359 932 1417 per
946 1346 1155 1417 coemptionem,

273 1490 366 1558 ¹)an
384 1494 457 1543 mado
477 1494 568 1556 (panio
586 1500 682 1543 mutata
700 1494 740 1543 ed.
758 1492 783 1560 5)
801 1496 899 1542 reatina
917 1493 979 1542 miii
998 1496 1069 1543 toene
1088 1510 1156 1544 nana

200 1563 302 1613 videtur
315 1565 408 1612 sanari
422 1577 511 1625 ponte,
530 1565 557 1611 in
571 1578 601 1613 eo
620 1563 789 1626 depravatur,
805 1563 873 1626 qaod
886 1563 1029 1622 librarian,
1043 1566 1157 1627 primam

199 1628 416 1700 ὁμοιοτελεύτοις
433 1640 458 1681 et
476 1634 519 1682 iic
537 1640 562 1681 et
575 1641 667 1696 postea
685 1634 818 1697 deceptas,
837 1634 930 1681 deinde
949 1649 1042 1683 rursus
1056 1642 1117 1697 post
1131 1635 1155 1683 in

199 1719 273 1753 noces
287 1718 392 1767 per-agr.
407 1710 432 1752 et
451 1703 561 1752 iar-mula
581 1704 754 1766 confundens,
773 1703 926 1752 intermedia
941 1706 1027 1753 omisit
1040 1711 1064 1753 et
1074 1721 1155 1767 prae·

199 1781 270 1824 terea
279 1790 331 1837 pro
346 1774 401 1822 iuni
415 1788 478 1823 nora.
492 1775 598 1836 scripsit
611 1774 707 1823 furtum.
722 1801 756 1811 -
771 1772 827 1822 Atti
841 1774 926 1822 aliter.
946 1775 1033 1823 furtum
1054 1775 1155 1824 dicatur

198 1842 308 1910 (saetam
317 1859 364 1907 ope
374 1844 493 1908 coneilio)
508 1845 628 1907 peregrini
641 1852 666 1893 et
676 1858 729 1893 cum
739 1859 767 1892 eo
778 1850 864 1904 agatur
873 1844 912 1892 ed.
924 1859 979 1892 mea
988 1856 1008 1894 1.
1037 1846 1095 1894 furti
1109 1861 1156 1895 na·

198 1916 261 1963 mine
271 1922 325 1975 agat
333 1916 472 1977 peregrinus
482 1921 522 1963 aut
532 1929 585 1963 cum
596 1929 623 1962 eo
634 1921 729 1976 agatur,
743 1915 767 1962 in
778 1914 877 1962 farmala
888 1912 994 1978 (ciuitas
1004 1914 1121 1965 Romana
1130 1919 1156 1965 ei

195 1986 320 2049 finpitnr:
338 1987 418 2034 aelati
439 1986 464 2033 ai
481 2000 538 2034 eam
559 1999 589 2034 eo
607 1985 713 2051 apatur)
733 1985 772 2034 ed.
788 1983 836 2048 Bp.
853 1995 874 2035 6.
902 1982 985 2033 Sanan
1004 1986 1091 2035 eadem
1109 1988 1156 2036 aed

197 2058 275 2104 malta
285 2058 366 2117 plura
377 2056 457 2117 finmit
469 2063 493 2103 et
507 2057 534 2104 in
549 2061 670 2104 contentu
681 2057 770 2117 paruit
783 2055 823 2103 ed.
841 2051 888 2104 Kr.
903 2066 924 2112 2,
939 2071 1004 2118 qaae
1014 2063 1156 2118 praeterea

197 2141 248 2175 non
262 2141 292 2174 eo
302 2126 442 2188 offendant,
457 2126 526 2188 quad
538 2140 599 2172 azara
612 2126 711 2173 inravit
720 2129 787 2187 (nam
803 2126 829 2172 in
836 2127 978 2189 pereprina
984 2129 1155 2188 praenomine

198 2202 302 2245 carente
316 2203 375 2257 apte
389 2197 445 2243 eina
458 2196 514 2243 loeo
532 2197 620 2255 patrie
633 2209 722 2243 nomen
733 2194 903 2258 ponebatur),
922 2196 969 2244 aed
981 2211 1024 2254 ea,
1044 2199 1113 2259 quod
1127 2199 1154 2246 in

197 2266 247 2313 irae
261 2267 362 2313 actione
372 2265 509 2326 personati
522 2270 546 2311 et
556 2279 639 2327 prope
655 2266 775 2329 lepitima,
789 2266 836 2314 aad
848 2272 874 2313 et
883 2280 917 2314 ex
926 2266 1020 2316 deliato
1030 2269 1154 2324 veniente,

198 2334 266 2398 qaod
279 2335 380 2382 initiam
392 2334 469 2381 sumit
483 2348 499 2381 a
513 2333 688 2397 delinquente,
706 2337 762 2384 iaco
780 2337 930 2385 intentionis
948 2343 1061 2386 datorem
1073 2353 1153 2400 prae·

193 2405 269 2466 ponit
282 2418 343 2457 rea:
356 2404 407 2451 nid.
423 2404 462 2464 ἓξ.
476 2413 511 2454 45.
525 2415 560 2454 aa.
575 2416 608 2455 ao.
682 2401 703 2470 ¹)
717 2405 847 2454 consilioue
863 2405 903 2463 0,,
919 2413 946 2454 nt
959 2415 1098 2469 appareat,
1113 2410 1153 2456 in·

197 2487 271 2522 versa
285 2473 377 2522 ordine
391 2472 527 2522 librariam
540 2474 605 2524 iaec
615 2478 742 2538 paeninae,
756 2482 851 2525 mutato
861 2490 876 2537 p
887 2477 914 2525 in
924 2491 952 2536 u;
967 2493 1025 2525 nam
1039 2493 1084 2540 ope
1095 2493 1154 2526 aaa·

197 2544 251 2592 silio
266 2541 328 2608 (nan
342 2543 472 2593 consilioue
483 2547 522 2593 vei
531 2545 689 2611 consilioque)
704 2547 818 2610 legitima
831 2545 910 2594 verba
920 2546 1013 2608 fnisse,
1023 2548 1153 2610 probatur

197 2614 229 2662 L.
243 2624 277 2665 6³.
297 2615 319 2675 ξ.
335 2626 355 2664 2.
374 2615 406 2663 D.
421 2615 453 2664 de
467 2614 535 2664 verb.
551 2617 616 2681 ripn.
632 2615 678 2680 (aa,
693 2614 736 2680 16).
758 2615 796 2678 Cf.
811 2627 831 2675 a,
846 2626 893 2666 202.
912 2616 982 2680 (oea)
998 2632 1153 2668 consrmovn

196 2684 252 2735 edd.
317 2681 417 2750 ³)Part
431 2686 526 2734 dihonis
542 2686 568 2736 0.
587 2701 623 2736 er.
637 2687 685 2735 mei
699 2688 747 2734 filio
761 2687 838 2735 etiam
857 2681 909 2734 W.
930 2688 1039 2736 Harmiai
1053 2688 1152 2753 edssp.

192 2756 278 2819 prior.
298 2756 341 2805 sed
355 2771 409 2806 ann
422 2769 529 2805 aomo
549 2756 622 2805 uerbi
638 2759 727 2822 pratia
741 2771 811 2804 arara
826 2771 893 2806 nanno
908 2772 943 2805 en
957 2757 1049 2808 Halia.
1063 2761 1097 2821 ej.
1112 2759 1151 2809 ed.

194 2825 243 2891 Bp.
258 2836 278 2877 ὁ.
298 2833 390 2876 eontra
405 2827 482 2888 fldem
502 2826 527 2875 0.
546 2842 722 2891 necunquam
741 2828 858 2892 iitipatar
876 2828 941 2877 ninia
960 2827 1031 2877 Ram.
1050 2843 1105 2878 esne
1124 2831 1152 2878 in

192 2897 307 2959 formula
317 2897 376 2959 fari
390 2895 500 2945 Romani
512 2896 568 2945 diei
577 2904 670 2959 pateat.
695 2896 770 2954 Nota,
784 2899 915 2960 aptissime
927 2897 1018 2946 Gaiam
1028 2914 1078 2948 non
1089 2900 1114 2947 A.
1125 2900 1151 2947 A.

195 2974 220 3015 et
233 2966 259 3015 N.
276 2967 312 3027 N„
327 2981 392 3030 qnae
406 2967 503 3015 actoris
516 2973 614 3015 tantam
627 2973 652 3016 et
665 2969 706 3017 rei
715 2974 806 3030 partes
819 2966 1009 3030 aipnifiaabant,
1023 2970 1071 3018 aed
1086 2970 1153 3019 talia

195 3038 306 3095 nomina,
321 3051 386 3100 qnae
400 3037 522 3099 oniasque
534 3037 662 3086 civitatem
672 3038 828 3095 indicarent,
839 3039 964 3099 flamiam
978 3040 1064 3103 itaque
1074 3047 1154 3089 antea

195 3109 228 3169 ej.
243 3107 375 3156 edideram
391 3105 484 3154 Grneci.
503 3106 575 3154 aede
587 3122 640 3169 pro
655 3122 668 3155 a
687 3109 733 3155 mei
752 3103 803 3166 W,
818 3114 843 3157 et
856 3110 965 3156 aiteram
979 3124 1067 3158 namen
1082 3111 1155 3172 apud

198 3176 311 3226 Graecae
325 3179 383 3224 item
397 3190 448 3224 non
462 3191 552 3225 raram
565 3184 684 3240 respecta
697 3182 746 3228 τοῦ
761 3171 876 3244 Ἑρμοῦ,
893 3177 1051 3227 Graecorum
1061 3180 1154 3242 faram

191 3249 300 3309 patroni
322 3247 370 3296 irae
390 3260 452 3295 earn
471 3248 498 3294 in
516 3247 612 3297 scholia
629 3250 735 3298 eiectum
754 3256 838 3311 pateat
861 3248 953 3297 videri.
982 3248 1098 3299 Ceteram
1121 3251 1154 3299 de

195 3317 278 3366 Dione
293 3323 317 3365 et
331 3316 362 3364 L.
381 3315 448 3365 Titio
463 3317 498 3379 af.
514 3316 583 3365 Ptat.
599 3333 640 3381 qa.
656 3318 726 3367 Rom.
737 3330 770 3370 ai.
843 3314 865 3383 ⁴)
881 3317 972 3366 Malim
986 3315 1114 3385 (ιιι)οπ
1128 3328 1155 3372 et

195 3387 223 3433 in
234 3388 286 3447 fine
301 3401 438 3436 oroaanna.
514 3383 535 3450 ⁶)
548 3386 593 3436 Em
607 3387 727 3453 [Iupania
741 3391 773 3451 ej.
787 3387 817 3437 ad
831 3390 977 3437 eontrarium
993 3389 1018 3438 0.

266 3510 291 3579 §-
306 3516 348 3563 38.
369 3515 408 3578 Of.
423 3527 444 3577 a,
458 3527 492 3566 84.
512 3517 544 3565 L.
559 3529 579 3567 a.
599 3518 622 3578 (5.
638 3530 659 3567 1.
679 3518 711 3570 D.
725 3519 757 3567 de
771 3534 828 3582 cap.
843 3520 903 3568 min.
918 3517 950 3583 (4,
965 3518 996 3584 6).
