2609 3942
442 226 503 263 (sarr
522 229 625 268 rusrar.
643 211 692 266 IV.
709 218 817 271 24-25.
1044 216 1107 281 353

151 381 256 439 puram,
272 365 298 421 id
314 374 425 421 estnon
440 367 641 440 proludicato,
665 369 740 424 uelut
761 368 810 425 lea
827 365 945 444 (Furia)
962 381 1106 429 testamen·

152 450 218 505 tarla
241 449 373 506 aduersus
395 464 472 520 eum,
501 452 547 522 qui
569 450 723 524 legatorum
744 454 851 508 nomine
875 456 1004 510 mortisue
1026 474 1106 513 causa

150 533 212 607 plus
228 549 256 590 ra
269 532 374 588 assibus
389 535 521 607 cepisset,
543 551 604 590 cum
627 551 659 591 ea
678 535 740 609 lege
761 553 815 609 non
831 544 903 592 esset
918 546 1056 610 exceptus,
1076 547 1106 594 ut

151 620 176 673 ei
196 616 259 690 plus
275 633 370 689 capere
389 617 497 687 liceret3
519 620 582 674 item
598 618 641 674 lex
657 618 751 674 llarcia
767 620 896 676 aduersus
911 619 1106 694 faeneratores,

151 709 181 756 ut
196 701 219 756 si
236 717 331 755 usuras
347 702 516 773 exegissent,
539 701 573 757 de
594 701 636 756 his
652 702 794 759 reddendis
814 719 863 777 per
877 719 971 759 manus
986 705 1106 761 iniectio·

149 800 211 840 nem
235 801 294 841 cunr
318 786 356 839 eis
378 793 515 859 ageretur.
558 780 606 847 24.
631 785 669 840 Er
691 787 788 858 quibus
809 786 915 860 legibus
939 795 966 843 et
987 788 1010 842 si
1039 804 1107 861 quae

150 868 216 924 aliae
231 868 332 924 similes
347 876 449 941 essent,
473 886 532 925 cum
554 869 695 942 agebatur,
718 887 823 926 manum
844 870 895 926 sibl
922 870 1057 945 depellere
1080 879 1107 928 et

149 968 200 1025 pro
222 968 252 1007 se
274 952 336 1026 lege
357 967 436 1023 agere
455 947 530 1027 '(reo
543 946 697 1028 licebat):¹
714 970 773 1010 uam
790 961 817 1010 et
831 962 908 1011 actor
921 956 949 1011 in
964 957 1021 1028 ipsa
1038 956 1106 1029 legis

150 1036 256 1092 activae
276 1050 330 1091 non
352 1034 485 1092 adiciebat
505 1037 558 1093 boe
571 1037 685 1093 uerbum
700 1053 760 1095 rao
775 1054 936 1115 armature,
957 1039 1005 1094 sed
1021 1041 1107 1096 nomi·

149 1126 212 1174 nata
226 1135 314 1184 causa,
331 1135 363 1175 es
379 1136 429 1193 qua
441 1119 545 1193 agebat,
563 1123 599 1176 ita
614 1119 732 1178 dicebat:
749 1137 789 1180 os
804 1139 869 1180 naar
882 1139 947 1181 acm
961 1138 1024 1180 aaa
1039 1141 1106 1181 rrnr

148 1217 463 1278 unuvsm101030um
484 1204 527 1276 hi,
544 1205 641 1278 quibus
660 1222 711 1279 pra
731 1207 848 1263 iudicato
871 1210 941 1262 actio
964 1206 1024 1262 data
1039 1217 1106 1279 erat,

148 1287 284 1342 nominata
298 1303 387 1357 causa,
403 1304 436 1342 er
451 1303 504 1360 qua
518 1288 645 1362 agebant,
667 1290 703 1344 ita
718 1288 885 1346 inserebant:
909 1304 948 1345 ora
964 1305 1027 1345 sum
1041 1306 1106 1346 asu

148 1383 293 1425 scorrer
314 1384 374 1426 erto
396 1384 548 1427 rvnroaro
571 1386 682 1428 manvu
705 1386 816 1429 rutero:
839 1387 890 1426 uec
906 1387 949 1427 me
964 1374 1103 1445 praeterit,

148 1453 176 1506 in
198 1449 285 1505 forma
307 1451 375 1523 legis
396 1450 490 1508 Furiae
511 1454 727 1509 testamentariae
744 1469 804 1511 pao
820 1470 971 1513 rvmaarc
992 1455 1104 1511 uerbum

76 1540 134 1594 [²⁷2]
150 1535 247 1605 inseri,
268 1550 328 1589 cum
343 1534 370 1589 in
385 1535 444 1607 ipsa
458 1534 521 1608 lege
535 1552 590 1591 uon
605 1538 657 1610 sit3
679 1536 751 1608 quud
767 1537 874 1594 uidetur
890 1531 895 1615 Ι
911 1539 986 1596 nulla
1000 1540 1103 1596 ratione
1122 1551 1180 1604 197.

149 1619 259 1674 iactum.
307 1614 356 1676 25.
379 1615 431 1672 Sed
454 1625 548 1690 postea
570 1618 632 1691 lege
654 1614 775 1691 'Vallia,²
802 1630 914 1695 excepto
937 1623 1053 1679 iudicato
1076 1630 1105 1679 et

149 1719 199 1768 eo,
216 1717 265 1774 pro
281 1717 335 1774 quo
351 1699 499 1773 depensum
515 1709 566 1769 est,
588 1703 685 1757 ceteris
700 1702 835 1773 omnibus,
858 1721 918 1761 cum
937 1705 1034 1777 quibus
1056 1722 1105 1778 per

148 1801 242 1841 manus
263 1785 437 1841 iniectionem
457 1784 602 1859 agebatur,
623 1787 784 1858 permissum
806 1796 848 1842 est
867 1787 918 1842 sibi
933 1803 1039 1843 manum
1059 1788 1105 1844 de·

146 1869 248 1942 pellere
264 1877 291 1924 et
305 1884 355 1942 pro
371 1883 400 1923 se
416 1883 512 1942 agere:
528 1869 619 1941 itaque
633 1868 765 1926 iudicatus
781 1878 808 1925 et
822 1871 856 1941 is,
872 1886 922 1943 pro
938 1887 992 1943 quc
1004 1870 1104 1945 depen-

147 1969 207 2008 sum
223 1961 275 2024 est,
296 1954 377 2008 etiam
397 1962 459 2026 post
479 1953 547 2008 hanc
567 1953 656 2026 legem
672 1953 804 2010 uindicem
820 1953 883 2010 dare
905 1952 1055 2024 debebant,
1077 1963 1105 2010 et

146 2038 198 2091 nisi
214 2036 318 2106 darent,
334 2035 442 2092 domum
457 2035 631 2094 ducebantur.
667 2039 771 2110 istaque
792 2038 917 2111 quamdiu
937 2038 1007 2110 legis
1023 2039 1104 2094 actio·

146 2184 226 2218 caasa
244 2170 362 2219 addendo
378 2172 540 2232 peccavisse,
559 2178 584 2219 et
601 2172 715 2221 editores
732 2187 782 2221 non
797 2186 861 2221 raro
877 2174 1032 2236 glossemata
1045 2173 1102 2221 sine

147 2253 227 2287 caasa
244 2239 380 2287 statuendo
398 2242 571 2300 procliviores
591 2242 683 2303 fnisse.
712 2241 798 2290 Etiam
818 2242 842 2291 lt.
858 2243 874 2291 l.
897 2242 957 2292 Gaii
975 2244 1103 2291 intererat

145 2309 242 2364 dicere,
257 2322 307 2356 non
321 2309 535 2356 minasmuitisin
546 2312 742 2374 caasisparam,
757 2327 832 2376 quam
841 2329 893 2376 pro
907 2314 1022 2364 iudicato
1037 2315 1102 2378 lepis

145 2378 272 2427 actionem
283 2392 311 2438 p.
322 2392 352 2425 m.
363 2377 408 2425 ini.
419 2379 492 2426 novis
506 2377 611 2443 iegibus,
626 2397 691 2442 qaae
700 2385 814 2432 actiones
823 2383 927 2442 dabant,
942 2386 1027 2434 datam
1037 2399 1101 2434 esse.

220 2443 239 2513 ¹)
254 2445 384 2510 Supplevi.
399 2445 513 2513 (licebat)
529 2448 586 2496 edd.
622 2449 676 2498 Sed
688 2453 763 2500 etiam
778 2450 846 2501 ‘reo'
862 2456 1004 2513 eccidisse,
1021 2470 1101 2519 orpu-

147 2524 228 2569 mento
247 2524 285 2567 est
302 2525 353 2567 tum
367 2531 474 2581 sequens
489 2525 512 2565 et
525 2525 605 2580 actor,
624 2525 675 2566 tum
694 2520 762 2581 quod
779 2522 816 2568 ita
830 2525 898 2572 ratio
913 2533 1035 2587 apparet,
1055 2541 1103 2574 cur

146 2591 222 2638 etiam
232 2603 267 2638 ea
277 2585 303 2638 ‘o
313 2584 418 2637 licebat'
430 2589 530 2651 factum
541 2583 663 2637 ‘dicebat'
676 2589 817 2646 concideret,
831 2604 907 2639 sensu
918 2608 1019 2651 careas,
1030 2602 1103 2657 post-

146 2675 221 2723 quam
230 2674 255 2708 re
271 2667 298 2708 ut
309 2660 463 2724 geminatum
472 2659 590 2708 omissum
599 2665 665 2707 crat.
721 2653 743 2722 ²)
753 2656 798 2707 Sic
807 2674 859 2721 pro
870 2668 940 2710 certo
955 2659 1007 2721 W,
1023 2679 1103 2727 quare

147 2729 176 2777 id
189 2731 291 2778 interim
305 2730 418 2778 retinere
428 2730 514 2787 malai,
529 2743 680 2793 quamquam
689 2743 780 2777 vereor
789 2729 825 2777 ad
834 2732 976 2791 eaemplum
986 2731 1103 2782 Measiae

147 2800 219 2864 lepis.
239 2799 324 2848 Antea
338 2798 429 2848 Valeria
442 2801 599 2861 scripseram
615 2796 649 2849 ‘d
666 2798 747 2848 Recbt
760 2799 784 2847 d.
803 2796 913 2847 Neaum'
928 2816 955 2863 p.
965 2812 1012 2850 141.
1027 2802 1066 2850 ed.
1082 2813 1103 2852 s.

146 2875 253 2919 notans:
271 2885 318 2918 nec
336 2868 437 2928 dubito,
456 2871 517 2933 qaia
536 2868 574 2933 (in
592 2866 745 2933 archetypo)
760 2870 882 2928 litterar,
899 2884 973 2933 paam
989 2869 1014 2920 C.
1029 2870 1104 2920 babet

147 2941 174 2987 in
198 2954 273 2988 versu
291 2940 456 2988 antecedente
469 2945 530 3002 post
547 2954 600 2990 voc.
619 2955 686 3001 cum,
701 2954 752 3002 per
770 2955 884 2990 errorem
901 2955 930 2989 eo
945 2941 1102 3005 mipraverit,

146 3025 203 3059 aum
218 3017 350 3059 corrector
364 3025 418 3059 eam
432 3024 510 3073 super
524 3010 594 3059 nullia
610 3009 660 3076 (sic
671 3011 730 3073 fere
746 3009 781 3076 0.)
795 3012 969 3073 supplevisset.

146 3123 293 3188 legendam:
307 3122 351 3172 Ubi
365 3123 534 3187 quadruplatur
548 3125 603 3187 quoi
618 3124 707 3183 inpiam
722 3122 785 3188 (pro
797 3122 941 3187 quempiam)
956 3124 1038 3172 inierit
1052 3139 1102 3172 ma-

146 3207 210 3241 num.
229 3192 274 3241 Era
287 3193 373 3242 eodem
386 3209 447 3244 vero
461 3196 517 3244 loco
531 3196 662 3251 discimus,
677 3210 711 3243 eac
724 3195 870 3244 huiusmodi
878 3194 1023 3245 actionibus
1037 3202 1102 3244 tres-

146 3265 218 3314 viros
232 3264 358 3326 capitales
376 3264 506 3314 iadicasse
519 3272 543 3314 et
557 3272 670 3314 actorem
685 3267 742 3313 sine
756 3268 876 3328 periculo
889 3280 936 3316 sno
951 3267 1101 3330 litigavissc.

146 3334 184 3383 ler
198 3330 279 3399 Furia]
296 3334 329 3396 cf.
343 3344 364 3396 s,
378 3344 424 3385 225.
448 3334 484 3383 lcr
502 3331 601 3402 Marcia]
616 3351 640 3384 a.
658 3352 681 3383 u.
696 3347 744 3386 402.
766 3335 803 3398 Of.
817 3334 859 3384 tit.
875 3351 954 3385 meum
970 3333 1005 3387 ‘vi
1021 3336 1103 3386 Recbt

146 3405 192 3453 des
204 3400 314 3453 Neaum’
323 3420 350 3467 p.
358 3415 396 3453 las
403 3419 455 3467 seq.
461 3415 500 3454 142
518 3406 644 3468 conplures
655 3406 685 3454 al.
696 3403 767 3472 1,]οίΙ
779 3405 807 3453 L.
816 3416 837 3456 a.
847 3406 878 3455 D.
888 3408 919 3456 tie
927 3408 1003 3456 oleat.
1015 3405 1060 3472 (11,
1070 3406 1101 3474 a).

146 3470 171 3541 ᾖ.
187 3475 228 3524 25.
247 3474 297 3536 lege
321 3471 444 3541 Valeriai]
464 3490 487 3523 a.
508 3492 531 3525 a.
550 3487 597 3526 ars.
632 3475 670 3538 Of.
692 3472 728 3525 ‘at
745 3475 827 3525 Recltt
844 3477 869 3525 ai.
887 3474 996 3527 Nexum’
1013 3494 1041 3541 p.
1057 3490 1103 3531 146.

146 3544 274 3593 iudicatum
289 3540 363 3611 salui]
378 3545 413 3607 cf.
428 3546 451 3607 ξ.
467 3555 512 3596 los.
530 3543 662 3613 uindicem]
679 3546 715 3610 Of.
730 3547 1102 3601 tevcoton.denet.1vtc.a1.

196 3645 293 3678 muman.
308 3646 385 3679 surm.
398 3647 451 3678 nnn.
474 3647 511 3677 ran.
525 3649 546 3679 v.
870 3637 902 3685 23
