2609 3942
578 219 665 255 ains.
1035 195 1098 261 169

147 339 256 410 publici
277 340 345 393 iuris
367 337 429 393 fieri
450 341 545 409 coepti
567 340 672 405 essent,
695 339 780 393 etiam
801 340 862 408 ipse
883 339 959 408 quod
996 338 1098 391 rimam

147 407 217 461 mihi
235 409 324 460 otium
342 406 438 460 dotum
457 409 507 472 est,
526 406 563 461 ad
580 405 834 474 recognoscendum
855 423 890 460 ex
908 421 941 460 eo
986 406 1024 458 aii
1041 404 1098 459 edi-

147 475 254 529 tionem
271 473 384 528 contuli.
418 474 520 528 Postea
537 474 587 527 ubi
608 474 770 526 nuntiatum
793 474 847 537 est,
871 474 1000 538 quartam
1018 473 1098 526 Iuris·

147 542 316 622 prudentiae
331 541 568 595 anteiustinianae
587 541 741 594 editionem
753 539 915 605 desiderari,
928 540 1014 593 etiam
1024 539 1099 593 hunc

148 607 1099 731 astruereturtr0tssett⁰ttaraeei2tea

148 758 241 807 curae,
259 692 398 798 adhibitis.
429 741 549 797 Omnino
566 757 633 795 vero
650 741 736 795 haece
750 740 780 793 in
791 740 923 794 notitiam
934 690 1026 793 meai}
1037 754 1099 808 per·

151 811 300 864 venerunt:
318 814 342 866 J.
357 814 388 868 E.
403 813 532 864 Goudsnrit
545 813 613 864 Krit.
628 812 753 862 Aanteclr.
773 809 835 871 etc,
852 823 922 875 quas
934 805 1099 860 Germanice

149 877 234 931 vertit
252 881 278 934 S.
296 879 373 932 Sacro
391 877 442 930 sub
461 876 555 933 titulo:
574 880 742 930 Studernnnde
763 878 948 944 Verpteictranq
959 880 988 928 d.
1003 877 1099 928 Veron.

149 947 297 999 Hondsetrr.
314 945 373 999 sive
392 948 522 998 Krits'scte
539 946 706 998 Rementem
725 947 812 997 Gaias.
831 941 919 997 Utrai.
935 946 1008 997 late.
1026 943 1060 993 B.
1073 944 1100 993 J.

149 1016 280 1065 Potenaar
295 1023 428 1079 syntapnra
445 1014 634 1065 Institutionum
653 1015 720 1081 Gaii,
732 1014 818 1063 Instit.
837 1015 972 1063 secundam
988 1011 1101 1063 Stantem.

150 1098 240 1146 opopr.
260 1080 311 1136 etc.
330 1079 419 1148 Lugd.
434 1078 496 1132 Bat.
507 1076 752 1134 MDCCCLXXVI.
771 1076 892 1143 denique
905 1078 992 1145 ipsius
1002 1075 1100 1130 Stude·

149 1145 254 1211 mnndi,
273 1145 347 1200 socio
366 1146 514 1214 adsumpto
531 1146 619 1199 Paulo
631 1145 705 1198 Krue
728 1159 766 1208 er,
784 1143 890 1197 adhoc
909 1159 925 1197 a
945 1160 961 1198 o
982 1160 1013 1197 ra
1033 1145 1100 1196 bum

151 1215 249 1267 curata
266 1212 361 1277 editio,
380 1229 452 1291 qnae
469 1228 561 1281 nuper
577 1213 683 1290 prodiit
725 1210 792 1265 erol.
804 1225 828 1263 a.
841 1161 1010 1289 ΜᾙΟὲὒῖὶζ
1038 1209 1100 1275 VII,

150 1294 291 1348 quamque
316 1280 463 1334 brev1tatis
488 1294 572 1333 causa
597 1279 669 1349 srgla
695 1282 766 1331 Stad.
790 1282 831 1330 ed.
853 1278 1019 1345 significan·
1058 1276 1102 1330 Ad

150 1347 269 1401 eandem
292 1347 444 1401 editionem
468 1348 598 1414 spectant
623 1347 650 1400 ei
676 1344 731 1413 ipsi
754 1343 812 1397 iam
837 1344 943 1398 inserta
962 1343 1103 1398 Theodori

149 1413 304 1468 Mommsen
326 1416 386 1468 tam
407 1413 552 1468 adnotatio
574 1429 659 1480 quam
686 1411 805 1481 epistola
825 1411 923 1465 critica
943 1413 974 1467 et
989 1409 1103 1466 Henrici

149 1479 257 1550 Fitting
278 1482 394 1549 publica
415 1482 474 1535 eius
497 1479 702 1534 commendatio
723 1479 753 1532 in
776 1478 925 1536 ten-ain.
946 1478 1013 1534 Zeit
1037 1483 1102 1533 1877

149 1554 247 1668 aet
263 1545 1104 1668 a·’triturantiatristataetr

151 1630 467 1743 commentapreligiose
493 1679 645 1745 perpendi;
672 1679 736 1744 ssd,
761 1694 798 1731 nc
823 1677 925 1732 librum
947 1696 1103 1745 onerarem,

150 1745 314 1817 graviorum
330 1745 441 1799 tantum
460 1744 490 1796 et
506 1745 627 1797 maxime
645 1759 742 1797 aarum
758 1743 931 1797 mentionem
942 1746 1009 1811 feci,
1031 1761 1104 1813 quac

149 1812 217 1868 novi
235 1810 342 1880 aliquid
360 1827 378 1864 a
394 1809 464 1865 meis
475 1809 598 1862 inventis
609 1809 768 1878 discrepans
781 1811 811 1863 et
821 1809 879 1863 sive
891 1811 1103 1879 adprobatione,

44 1884 49 1892 '
151 1880 210 1935 sive
229 1879 286 1933 alia
303 1879 338 1934 do
356 1894 442 1933 causa
459 1877 725 1931 commemoratione
743 1877 859 1946 dignum
871 1875 998 1935 afferunt.
1029 1877 1105 1944 Quae

151 1947 239 2017 igitur
233 1946 367 2068 ¹⁵osilentio
384 1944 538 2007 transmisi,
556 1959 612 1998 non
630 1944 762 2014 neglecta
778 1942 828 1998 sed
850 1943 1010 2012 improbata
1026 1961 1044 1999 a
1059 1962 1105 1999 me

151 2030 232 2069 oense
266 2054 272 2068 .

205 2116 264 2196 'Ad
280 2116 431 2195 meipsum
443 2114 520 2192 quod
532 2115 646 2182 attinet,
666 2115 751 2169 hanc
767 2116 928 2235 ἓιιειτὺαῳ
941 2114 991 2170 scd
1003 2132 1033 2170 re
1045 2116 1107 2186 ipsa

151 2184 247 2262 potins
264 2199 367 2261 novam
384 2184 537 2261 editionem
554 2199 648 2261 prospe
667 2183 703 2236 ad
715 2182 765 2260 Stu
787 2183 900 2260 emundi
912 2183 1107 2261 apographum

151 2249 373 2393 errator
390 2250 1107 2395 iserarefraenare,sainte

154 2383 335 2438 adnotatmne
352 2383 518 2464 plerumque
536 2384 703 2452 amphorter
720 2385 889 2451 omitterem,
907 2400 960 2439 nec
977 2385 1012 2439 de
1025 2387 1105 2441 novis

153 2452 289 2530 tanquam
306 2465 392 2515 novrs,
411 2467 434 2528 si
451 2450 631 2529 modotcerta
648 2453 679 2504 et
695 2466 764 2504 sana
781 2452 869 2528 erant,
887 2467 1038 2507 monerem.
1074 2454 1105 2507 In

153 2516 337 2596 sagmficanda
354 2516 440 2595 dabra
456 2516 560 2570 codrcrs
577 2519 716 2586 scnptura
737 2533 809 2586 quae
831 2535 861 2571 1n
879 2520 1041 2596 apographo
1058 2520 1105 2573 lit·

153 2587 221 2663 teris
239 2584 351 2653 pallidis
363 2584 392 2638 1d
405 2586 448 2638 eat
459 2585 576 2663 obscure
593 2588 705 2662 tantum
717 2586 885 2705 apparentes
902 2603 932 2663 ln
945 2584 974 2640 G.
988 2586 1106 2665 redden·

152 2651 1106 2775 itinerantitemereternereerrat

153 2735 717 2905 quispar'tibussyllogagiurisprudentiae
724 2760 957 2863 anteiustinianad
966 2789 1107 2866 communi

152 2868 284 2931 receere
306 2867 359 2906 nec
381 2852 458 2905 votur
475 2867 543 2919 nec,
561 2867 674 2933 op1nor,
692 2852 785 2931 debui.
804 2853 933 2930 ‘Itaque
956 2855 990 2907 ut
1012 2855 1107 2931 ahqua

153 2919 314 2998 speciahter
326 2934 440 2996 ponam,
458 2933 494 2972 ne
512 2936 586 2996 nunc
598 2920 713 2997 quidem
724 2921 754 2973 rd
766 2935 820 2989 egr,
833 2920 908 2997 quod
920 2919 1108 2973 Studemnndr

153 2986 240 3040 edrtro
258 3001 379 3040 mamma
398 2987 544 3105 spectant,
564 2988 597 3040 ut
614 3001 708 3039 omma
724 2986 882 3056 apographa
894 2988 1106 3053 ceterorumque

13 3086 16 3094 ·
91 3057 94 3062 '
152 3053 349 3119 subsidiorum,
368 3069 416 3120 qu1
436 3069 469 3105 us
486 3052 585 3106 harum
598 3053 807 3107 Institutionum
821 3054 957 3107 editiones
969 3052 1106 3117 nituntur,

153 3119 211 3174 sive
229 3120 333 3174 menda
350 3120 408 3173 sive
427 3119 567 3173 variantes
584 3120 720 3174 lectiones
737 3121 873 3174 notarem.
904 3120 964 3172 Hac
975 3121 1057 3187 parte
1075 3121 1108 3173 ut

152 3187 304 3306 pinninum
322 3186 395 3241 sicut
413 3186 497 3263 antea
513 3187 624 3240 tantum
641 3187 745 3266 titteris
758 3187 903 3263 ‘inclinatis
921 3189 950 3238 in
968 3187 1048 3238 textu
1065 3187 1107 3239 in-

153 3270 392 3399 tttt‘etfftut
409 3251 1108 3388 attestantesatta,deterreatur

155 3387 315 3452 arbrtratua
333 3389 367 3440 nt
382 3388 392 3439 i
414 3404 475 3441 sum
493 3388 687 3457 apographum
698 3385 746 3438 vel
758 3387 865 3438 ceteros
877 3385 967 3440 fontes
979 3389 1107 3442 omnibus

153 3455 287 3523 patentes
299 3405 411 3508 adeant).
440 3453 549 3508 Vocum
561 3469 628 3507 vero
641 3453 687 3507 vel
699 3452 866 3529 litteranrm,
885 3469 957 3520 qnae
970 3455 998 3507 in
1011 3456 1106 3509 codice

154 3537 303 3590 perperam
322 3521 465 3575 abundare
483 3520 529 3574 vel
547 3521 634 3588 (quod
651 3519 910 3586 trequentssrmum
922 3525 965 3575 est
975 3522 1107 3576 vitiorum
