<?xml version="1.0" encoding="UTF-8"?>
<!DOCTYPE html PUBLIC "-//W3C//DTD XHTML 1.0 Transitional//EN"
    "http://www.w3.org/TR/xhtml1/DTD/xhtml1-transitional.dtd">
<html xmlns="http://www.w3.org/1999/xhtml" xml:lang="en" lang="en">
 <head>
  <title>
</title>
<meta http-equiv="Content-Type" content="text/html;charset=utf-8" />
  <meta name='ocr-system' content='tesseract 3.04.00' />
  <meta name='ocr-capabilities' content='ocr_page ocr_carea ocr_par ocr_line ocrx_word'/>
</head>
<body>
  <div class='ocr_page' id='page_1' title='image "./gaiiinstitution01kbgoog_0042.png"; bbox 0 0 2609 3942; ppageno 0'>
   <div class='ocr_carea' id='block_1_1' title="bbox 184 229 841 296">
    <p class='ocr_par' dir='ltr' id='par_1_1' title="bbox 184 229 841 296">
     <span class='ocr_line' id='line_1_1' title="bbox 184 229 841 296; baseline -0.024 0"><span class='ocrx_word' id='word_1_1' title='bbox 184 232 245 296; x_wconf 78' lang='grc'><strong>182</strong></span> <span class='ocrx_word' id='word_1_2' title='bbox 490 246 674 281; x_wconf 77' lang='lat' dir='ltr'><strong>uu111nsu1u.</strong></span> <span class='ocrx_word' id='word_1_3' title='bbox 694 229 714 281; x_wconf 93' lang='lat' dir='ltr'><strong>I.</strong></span> <span class='ocrx_word' id='word_1_4' title='bbox 732 233 841 282; x_wconf 78' lang='lat' dir='ltr'><strong>att-39.</strong></span> 
     </span>
    </p>
   </div>
   <div class='ocr_carea' id='block_1_2' title="bbox 134 383 1207 2048">
    <p class='ocr_par' dir='ltr' id='par_1_2' title="bbox 182 383 1142 1045">
     <span class='ocr_line' id='line_1_2' title="bbox 182 383 1142 457; baseline -0.003 -13"><span class='ocrx_word' id='word_1_5' title='bbox 182 390 206 444; x_wconf 90' lang='lat' dir='ltr'><strong>si</strong></span> <span class='ocrx_word' id='word_1_6' title='bbox 220 404 317 443; x_wconf 87' lang='lat' dir='ltr'><strong>seruus</strong></span> <span class='ocrx_word' id='word_1_7' title='bbox 336 387 365 441; x_wconf 91' lang='lat' dir='ltr'><strong>in</strong></span> <span class='ocrx_word' id='word_1_8' title='bbox 381 389 386 452; x_wconf 87' lang='grc' dir='ltr'>Ι</span> <span class='ocrx_word' id='word_1_9' title='bbox 401 385 481 442; x_wconf 87' lang='lat' dir='ltr'><strong>honis</strong></span> <span class='ocrx_word' id='word_1_10' title='bbox 497 387 561 457; x_wconf 90' lang='lat' dir='ltr'><strong>tuis,</strong></span> <span class='ocrx_word' id='word_1_11' title='bbox 580 402 612 440; x_wconf 80' lang='lat' dir='ltr'><strong>ex</strong></span> <span class='ocrx_word' id='word_1_12' title='bbox 627 387 686 441; x_wconf 89' lang='lat' dir='ltr'><strong>iure</strong></span> <span class='ocrx_word' id='word_1_13' title='bbox 697 384 846 453; x_wconf 78' lang='lat' dir='ltr'><strong>Quiritium</strong></span> <span class='ocrx_word' id='word_1_14' title='bbox 862 401 937 440; x_wconf 91' lang='lat' dir='ltr'><strong>meus</strong></span> <span class='ocrx_word' id='word_1_15' title='bbox 953 386 1015 453; x_wconf 85' lang='lat' dir='ltr'><strong>erit,</strong></span> <span class='ocrx_word' id='word_1_16' title='bbox 1030 383 1142 441; x_wconf 84' lang='lat' dir='ltr'><strong>Latinus</strong></span> 
     </span>
     <span class='ocr_line' id='line_1_3' title="bbox 183 467 1141 546; baseline -0.003 -19"><span class='ocrx_word' id='word_1_17' title='bbox 183 471 290 546; x_wconf 87' lang='lat' dir='ltr'><strong>quidem</strong></span> <span class='ocrx_word' id='word_1_18' title='bbox 307 473 311 537; x_wconf 93' lang='grc' dir='ltr'>Ι</span> <span class='ocrx_word' id='word_1_19' title='bbox 328 487 342 525; x_wconf 91' lang='lat' dir='ltr'><strong>a</strong></span> <span class='ocrx_word' id='word_1_20' title='bbox 364 479 390 524; x_wconf 88' lang='lat' dir='ltr'><strong>te</strong></span> <span class='ocrx_word' id='word_1_21' title='bbox 405 468 465 524; x_wconf 94' lang='lat' dir='ltr'><strong>solo</strong></span> <span class='ocrx_word' id='word_1_22' title='bbox 476 467 539 525; x_wconf 86' lang='lat' dir='ltr'><strong>lieri</strong></span> <span class='ocrx_word' id='word_1_23' title='bbox 555 478 656 543; x_wconf 82' lang='lat' dir='ltr'><strong>potest,</strong></span> <span class='ocrx_word' id='word_1_24' title='bbox 678 471 770 526; x_wconf 88' lang='lat' dir='ltr'><strong>iterari</strong></span> <span class='ocrx_word' id='word_1_25' title='bbox 785 477 874 524; x_wconf 88' lang='lat' dir='ltr'><strong>autem</strong></span> <span class='ocrx_word' id='word_1_26' title='bbox 889 486 903 524; x_wconf 89' lang='lat' dir='ltr'><strong>a</strong></span> <span class='ocrx_word' id='word_1_27' title='bbox 918 486 972 538; x_wconf 88' lang='lat' dir='ltr'><strong>me,</strong></span> <span class='ocrx_word' id='word_1_28' title='bbox 990 485 1044 523; x_wconf 89' lang='lat' dir='ltr'><strong>nou</strong></span> <span class='ocrx_word' id='word_1_29' title='bbox 1061 471 1141 525; x_wconf 90' lang='lat' dir='ltr'><strong>etiam</strong></span> 
     </span>
     <span class='ocr_line' id='line_1_4' title="bbox 184 552 1141 627; baseline -0.002 -17"><span class='ocrx_word' id='word_1_30' title='bbox 184 572 198 610; x_wconf 93' lang='lat' dir='ltr'><strong>a</strong></span> <span class='ocrx_word' id='word_1_31' title='bbox 214 564 241 610; x_wconf 88' lang='lat' dir='ltr'><strong>te</strong></span> <span class='ocrx_word' id='word_1_32' title='bbox 256 561 348 627; x_wconf 89' lang='lat' dir='ltr'><strong>potest</strong></span> <span class='ocrx_word' id='word_1_33' title='bbox 363 562 390 609; x_wconf 90' lang='lat' dir='ltr'><strong>et</strong></span> <span class='ocrx_word' id='word_1_34' title='bbox 407 569 440 608; x_wconf 87' lang='lat' dir='ltr'><strong>eo</strong></span> <span class='ocrx_word' id='word_1_35' title='bbox 455 553 537 609; x_wconf 91' lang='lat' dir='ltr'><strong>modo</strong></span> <span class='ocrx_word' id='word_1_36' title='bbox 552 569 628 609; x_wconf 88' lang='lat' dir='ltr'><strong>meus</strong></span> <span class='ocrx_word' id='word_1_37' title='bbox 643 553 756 609; x_wconf 90' lang='lat' dir='ltr'><strong>libertus</strong></span> <span class='ocrx_word' id='word_1_38' title='bbox 773 552 813 609; x_wconf 87' lang='lat' dir='ltr'><strong>lit.</strong></span> <span class='ocrx_word' id='word_1_39' title='bbox 842 562 884 608; x_wconf 88' lang='lat' dir='ltr'><strong>set</strong></span> <span class='ocrx_word' id='word_1_40' title='bbox 899 562 927 608; x_wconf 88' lang='lat' dir='ltr'><strong>ot</strong></span> <span class='ocrx_word' id='word_1_41' title='bbox 942 555 1038 609; x_wconf 84' lang='lat' dir='ltr'><strong>catoris</strong></span> <span class='ocrx_word' id='word_1_42' title='bbox 1054 554 1141 608; x_wconf 67' lang='lat' dir='ltr'><strong>mollis</strong></span> 
     </span>
     <span class='ocr_line' id='line_1_5' title="bbox 185 635 1141 709; baseline -0.001 -16"><span class='ocrx_word' id='word_1_43' title='bbox 185 642 191 700; x_wconf 91' lang='lat' dir='ltr'><strong>l</strong></span> <span class='ocrx_word' id='word_1_44' title='bbox 206 640 248 693; x_wconf 92' lang='lat' dir='ltr'><strong>ius</strong></span> <span class='ocrx_word' id='word_1_45' title='bbox 260 635 402 705; x_wconf 80' lang='lat' dir='ltr'><strong>Quiritium</strong></span> <span class='ocrx_word' id='word_1_46' title='bbox 418 644 579 693; x_wconf 87' lang='lat' dir='ltr'><strong>oonseoutus</strong></span> <span class='ocrx_word' id='word_1_47' title='bbox 594 653 670 693; x_wconf 89' lang='lat' dir='ltr'><strong>meus</strong></span> <span class='ocrx_word' id='word_1_48' title='bbox 687 637 799 693; x_wconf 86' lang='lat' dir='ltr'><strong>libertus</strong></span> <span class='ocrx_word' id='word_1_49' title='bbox 815 635 855 692; x_wconf 88' lang='lat' dir='ltr'><strong>lit.</strong></span> <span class='ocrx_word' id='word_1_50' title='bbox 884 635 1026 709; x_wconf 78' lang='lat' dir='ltr'><strong>bonolium</strong></span> <span class='ocrx_word' id='word_1_51' title='bbox 1041 644 1141 708; x_wconf 88' lang='lat' dir='ltr'><strong>autem,</strong></span> 
     </span>
     <span class='ocr_line' id='line_1_6' title="bbox 184 715 1140 794; baseline -0.003 -17"><span class='ocrx_word' id='word_1_52' title='bbox 184 738 253 794; x_wconf 87' lang='lat' dir='ltr'><strong>quaa</strong></span> <span class='ocrx_word' id='word_1_53' title='bbox 268 739 339 778; x_wconf 83' lang='lat' dir='ltr'><strong>nunu</strong></span> <span class='ocrx_word' id='word_1_54' title='bbox 357 715 420 776; x_wconf 87' lang='lat' dir='ltr'><strong>aut¹</strong></span> <span class='ocrx_word' id='word_1_55' title='bbox 444 737 505 777; x_wconf 86' lang='lat' dir='ltr'><strong>oum</strong></span> <span class='ocrx_word' id='word_1_56' title='bbox 525 722 548 776; x_wconf 90' lang='lat' dir='ltr'><strong>is</strong></span> <span class='ocrx_word' id='word_1_57' title='bbox 564 723 708 791; x_wconf 85' lang='lat' dir='ltr'><strong>morietur,</strong></span> <span class='ocrx_word' id='word_1_58' title='bbox 731 721 886 794; x_wconf 78' lang='lat' dir='ltr'>reliquerit,</span> <span class='ocrx_word' id='word_1_59' title='bbox 910 720 958 776; x_wconf 90' lang='lat' dir='ltr'><strong>tibi</strong></span> <span class='ocrx_word' id='word_1_60' title='bbox 980 722 1140 793; x_wconf 65' lang='lat' dir='ltr'><strong>possessio}</strong></span> 
     </span>
     <span class='ocr_line' id='line_1_7' title="bbox 184 804 1142 878; baseline -0.001 -17"><span class='ocrx_word' id='word_1_61' title='bbox 184 806 272 875; x_wconf 89' lang='lat' dir='ltr'><strong>datur,</strong></span> <span class='ocrx_word' id='word_1_62' title='bbox 285 821 448 878; x_wconf 81' lang='lat' dir='ltr'><strong>quoeunque</strong></span> <span class='ocrx_word' id='word_1_63' title='bbox 459 805 539 860; x_wconf 89' lang='lat' dir='ltr'><strong>modo</strong></span> <span class='ocrx_word' id='word_1_64' title='bbox 550 806 592 859; x_wconf 92' lang='lat' dir='ltr'><strong>ius</strong></span> <span class='ocrx_word' id='word_1_65' title='bbox 600 804 742 871; x_wconf 79' lang='lat' dir='ltr'><strong>Quiritium</strong></span> <span class='ocrx_word' id='word_1_66' title='bbox 754 805 835 873; x_wconf 84' lang='lat' dir='ltr'><strong>luerit</strong></span> <span class='ocrx_word' id='word_1_67' title='bbox 847 809 1026 870; x_wconf 81' lang='lat' dir='ltr'><strong>conseeultus.</strong></span> <span class='ocrx_word' id='word_1_68' title='bbox 1044 804 1142 876; x_wconf 83' lang='lat' dir='ltr'><strong>quodsi</strong></span> 
     </span>
     <span class='ocr_line' id='line_1_8' title="bbox 183 886 1141 959; baseline -0.002 -14"><span class='ocrx_word' id='word_1_69' title='bbox 183 891 259 945; x_wconf 91' lang='lat' dir='ltr'><strong>ouius</strong></span> <span class='ocrx_word' id='word_1_70' title='bbox 275 897 303 944; x_wconf 88' lang='lat' dir='ltr'><strong>et</strong></span> <span class='ocrx_word' id='word_1_71' title='bbox 313 890 341 943; x_wconf 88' lang='lat' dir='ltr'><strong>iu</strong></span> <span class='ocrx_word' id='word_1_72' title='bbox 352 887 433 943; x_wconf 88' lang='lat' dir='ltr'><strong>bonis</strong></span> <span class='ocrx_word' id='word_1_73' title='bbox 444 896 472 943; x_wconf 86' lang='lat' dir='ltr'><strong>et</strong></span> <span class='ocrx_word' id='word_1_74' title='bbox 483 904 515 943; x_wconf 82' lang='lat' dir='ltr'><strong>er</strong></span> <span class='ocrx_word' id='word_1_75' title='bbox 525 889 584 943; x_wconf 89' lang='lat' dir='ltr'><strong>iure</strong></span> <span class='ocrx_word' id='word_1_76' title='bbox 594 887 738 954; x_wconf 82' lang='lat' dir='ltr'><strong>Quiritium</strong></span> <span class='ocrx_word' id='word_1_77' title='bbox 751 891 787 944; x_wconf 88' lang='lat' dir='ltr'><strong>sit</strong></span> <span class='ocrx_word' id='word_1_78' title='bbox 798 891 984 959; x_wconf 81' lang='lat' dir='ltr'><strong>manumissus,</strong></span> <span class='ocrx_word' id='word_1_79' title='bbox 999 886 1032 942; x_wconf 85' lang='lat' dir='ltr'><strong>ab</strong></span> <span class='ocrx_word' id='word_1_80' title='bbox 1044 888 1141 943; x_wconf 83' lang='lat' dir='ltr'><strong>eodem</strong></span> 
     </span>
     <span class='ocr_line' id='line_1_9' title="bbox 182 969 1044 1045; baseline 0.001 -18"><span class='ocrx_word' id='word_1_81' title='bbox 182 973 286 1029; x_wconf 85' lang='lat' dir='ltr'><strong>scilicet</strong></span> <span class='ocrx_word' id='word_1_82' title='bbox 300 980 328 1027; x_wconf 88' lang='lat' dir='ltr'><strong>et</strong></span> <span class='ocrx_word' id='word_1_83' title='bbox 342 971 453 1026; x_wconf 81' lang='lat' dir='ltr'><strong>latinus</strong></span> <span class='ocrx_word' id='word_1_84' title='bbox 468 969 527 1027; x_wconf 87' lang='lat' dir='ltr'><strong>lieri</strong></span> <span class='ocrx_word' id='word_1_85' title='bbox 542 980 633 1044; x_wconf 87' lang='lat' dir='ltr'><strong>potest</strong></span> <span class='ocrx_word' id='word_1_86' title='bbox 647 981 676 1028; x_wconf 92' lang='lat' dir='ltr'><strong>et</strong></span> <span class='ocrx_word' id='word_1_87' title='bbox 690 974 733 1028; x_wconf 93' lang='lat' dir='ltr'><strong>ius</strong></span> <span class='ocrx_word' id='word_1_88' title='bbox 748 970 891 1039; x_wconf 83' lang='lat' dir='ltr'><strong>Quiritium</strong></span> <span class='ocrx_word' id='word_1_89' title='bbox 906 973 1044 1045; x_wconf 81' lang='lat' dir='ltr'><strong>consequi.</strong></span> 
     </span>
    </p>

    <p class='ocr_par' dir='ltr' id='par_1_3' title="bbox 182 1052 1207 1381">
     <span class='ocr_line' id='line_1_10' title="bbox 245 1052 1207 1128; baseline 0.001 -16"><span class='ocrx_word' id='word_1_90' title='bbox 245 1052 295 1112; x_wconf 81' lang='lat'><strong>36.</strong></span> <span class='ocrx_word' id='word_1_91' title='bbox 319 1056 384 1112; x_wconf 88' lang='lat' dir='ltr'><strong>Nou</strong></span> <span class='ocrx_word' id='word_1_92' title='bbox 407 1062 502 1112; x_wconf 86' lang='lat' dir='ltr'><strong>tamen</strong></span> <span class='ocrx_word' id='word_1_93' title='bbox 524 1060 693 1127; x_wconf 79' lang='lat' dir='ltr'><strong>cuicumque</strong></span> <span class='ocrx_word' id='word_1_94' title='bbox 715 1060 822 1113; x_wconf 82' lang='lat' dir='ltr'><strong>uolenti</strong></span> <span class='ocrx_word' id='word_1_95' title='bbox 841 1059 1041 1112; x_wconf 76' lang='lat' dir='ltr'><strong>manumittere</strong></span> <span class='ocrx_word' id='word_1_96' title='bbox 1061 1057 1138 1112; x_wconf 85' lang='lat' dir='ltr'><strong>lieet.</strong></span> <span class='ocrx_word' id='word_1_97' title='bbox 1152 1066 1207 1128; x_wconf 75' lang='lat' dir='ltr'><strong>[trop</strong></span> 
     </span>
     <span class='ocr_line' id='line_1_11' title="bbox 182 1134 1141 1214; baseline -0.002 -18"><span class='ocrx_word' id='word_1_98' title='bbox 182 1134 228 1196; x_wconf 78' lang='lat'><strong>8⁷.</strong></span> <span class='ocrx_word' id='word_1_99' title='bbox 245 1139 318 1195; x_wconf 91' lang='lat' dir='ltr'><strong>Nam</strong></span> <span class='ocrx_word' id='word_1_100' title='bbox 333 1144 368 1211; x_wconf 87' lang='lat' dir='ltr'><strong>is,</strong></span> <span class='ocrx_word' id='word_1_101' title='bbox 383 1143 434 1214; x_wconf 78' lang='lat' dir='ltr'><strong>aui</strong></span> <span class='ocrx_word' id='word_1_102' title='bbox 446 1141 473 1194; x_wconf 90' lang='lat' dir='ltr'><strong>iu</strong></span> <span class='ocrx_word' id='word_1_103' title='bbox 490 1138 609 1194; x_wconf 88' lang='lat' dir='ltr'><strong>lraudem</strong></span> <span class='ocrx_word' id='word_1_104' title='bbox 621 1141 786 1195; x_wconf 82' lang='lat' dir='ltr'><strong>creditorum</strong></span> <span class='ocrx_word' id='word_1_105' title='bbox 802 1139 845 1194; x_wconf 91' lang='lat' dir='ltr'><strong>uel</strong></span> <span class='ocrx_word' id='word_1_106' title='bbox 861 1142 888 1194; x_wconf 93' lang='lat' dir='ltr'><strong>in</strong></span> <span class='ocrx_word' id='word_1_107' title='bbox 904 1140 1021 1195; x_wconf 78' lang='lat' dir='ltr'><strong>lrautlem</strong></span> <span class='ocrx_word' id='word_1_108' title='bbox 1034 1141 1141 1212; x_wconf 88' lang='lat' dir='ltr'><strong>patroni</strong></span> 
     </span>
     <span class='ocr_line' id='line_1_12' title="bbox 182 1223 1140 1296; baseline 0.006 -20"><span class='ocrx_word' id='word_1_109' title='bbox 182 1224 357 1292; x_wconf 76' lang='lat' dir='ltr'><strong>manumittit,</strong></span> <span class='ocrx_word' id='word_1_110' title='bbox 374 1223 439 1280; x_wconf 85' lang='lat' dir='ltr'><strong>nihil</strong></span> <span class='ocrx_word' id='word_1_111' title='bbox 454 1225 521 1296; x_wconf 82' lang='lat' dir='ltr'><strong>agit,</strong></span> <span class='ocrx_word' id='word_1_112' title='bbox 538 1224 598 1294; x_wconf 82' lang='lat' dir='ltr'><strong>qula</strong></span> <span class='ocrx_word' id='word_1_113' title='bbox 614 1224 657 1279; x_wconf 78' lang='lat' dir='ltr'><strong>lex</strong></span> <span class='ocrx_word' id='word_1_114' title='bbox 668 1224 742 1279; x_wconf 80' lang='lat' dir='ltr'><strong>Aelia</strong></span> <span class='ocrx_word' id='word_1_115' title='bbox 754 1223 844 1279; x_wconf 87' lang='lat' dir='ltr'><strong>Sentia</strong></span> <span class='ocrx_word' id='word_1_116' title='bbox 861 1223 963 1295; x_wconf 87' lang='lat' dir='ltr'><strong>inpedit</strong></span> <span class='ocrx_word' id='word_1_117' title='bbox 978 1224 1140 1282; x_wconf 86' lang='lat' dir='ltr'><strong>libertatem.</strong></span> 
     </span>
     <span class='ocr_line' id='line_1_13' title="bbox 182 1303 1141 1381; baseline 0 -19"><span class='ocrx_word' id='word_1_118' title='bbox 182 1303 229 1364; x_wconf 85' lang='grc'><strong>38.</strong></span> <span class='ocrx_word' id='word_1_119' title='bbox 249 1306 314 1362; x_wconf 89' lang='lat' dir='ltr'><strong>ltem</strong></span> <span class='ocrx_word' id='word_1_120' title='bbox 337 1309 428 1364; x_wconf 88' lang='lat' dir='ltr'><strong>eadem</strong></span> <span class='ocrx_word' id='word_1_121' title='bbox 450 1307 511 1381; x_wconf 81' lang='lat' dir='ltr'><strong>loge</strong></span> <span class='ocrx_word' id='word_1_122' title='bbox 532 1308 627 1362; x_wconf 91' lang='lat' dir='ltr'><strong>minori</strong></span> <span class='ocrx_word' id='word_1_123' title='bbox 642 1325 684 1363; x_wconf 83' lang='lat' dir='ltr'><strong>xx</strong></span> <span class='ocrx_word' id='word_1_124' title='bbox 704 1323 836 1362; x_wconf 87' lang='lat' dir='ltr'><strong>annornm</strong></span> <span class='ocrx_word' id='word_1_125' title='bbox 856 1307 965 1361; x_wconf 89' lang='lat' dir='ltr'><strong>domino</strong></span> <span class='ocrx_word' id='word_1_126' title='bbox 985 1324 1041 1362; x_wconf 89' lang='lat' dir='ltr'><strong>non</strong></span> <span class='ocrx_word' id='word_1_127' title='bbox 1062 1307 1141 1362; x_wconf 89' lang='lat' dir='ltr'><strong>aliter</strong></span> 
     </span>
    </p>

    <p class='ocr_par' dir='ltr' id='par_1_4' title="bbox 134 1385 1141 1631">
     <span class='ocr_line' id='line_1_14' title="bbox 134 1385 1141 1466; baseline 0.001 -22"><span class='ocrx_word' id='word_1_128' title='bbox 134 1398 173 1451; x_wconf 80' lang='lat'><strong>10,</strong></span> <span class='ocrx_word' id='word_1_129' title='bbox 186 1392 373 1447; x_wconf 87' lang='lat' dir='ltr'><strong>manumittere</strong></span> <span class='ocrx_word' id='word_1_130' title='bbox 396 1391 574 1465; x_wconf 75' lang='lat' dir='ltr'><strong>permittitur,</strong></span> <span class='ocrx_word' id='word_1_131' title='bbox 602 1407 680 1462; x_wconf 86' lang='lat' dir='ltr'><strong>quam</strong></span> <span class='ocrx_word' id='word_1_132' title='bbox 708 1391 731 1445; x_wconf 93' lang='lat' dir='ltr'><strong>si</strong></span> <span class='ocrx_word' id='word_1_133' title='bbox 754 1389 870 1445; x_wconf 87' lang='lat' dir='ltr'><strong>uindicta</strong></span> <span class='ocrx_word' id='word_1_134' title='bbox 894 1392 968 1461; x_wconf 81' lang='lat' dir='ltr'><strong>apud</strong></span> <span class='ocrx_word' id='word_1_135' title='bbox 988 1385 1141 1466; x_wconf 73' lang='lat' dir='ltr'><strong>oonlsilium</strong></span> 
     </span>
     <span class='ocr_line' id='line_1_15' title="bbox 181 1467 1140 1548; baseline 0.004 -21"><span class='ocrx_word' id='word_1_136' title='bbox 181 1474 252 1528; x_wconf 88' lang='lat' dir='ltr'><strong>iusta</strong></span> <span class='ocrx_word' id='word_1_137' title='bbox 263 1490 341 1530; x_wconf 84' lang='lat' dir='ltr'><strong>causa</strong></span> <span class='ocrx_word' id='word_1_138' title='bbox 353 1475 571 1531; x_wconf 81' lang='lat' dir='ltr'><strong>manumissionis</strong></span> <span class='ocrx_word' id='word_1_139' title='bbox 583 1473 728 1548; x_wconf 83' lang='lat' dir='ltr'><strong>adprobata</strong></span> <span class='ocrx_word' id='word_1_140' title='bbox 739 1467 966 1529; x_wconf 87' lang='lat' dir='ltr'><strong>’manumiserit.²</strong></span> <span class='ocrx_word' id='word_1_141' title='bbox 988 1470 1039 1530; x_wconf 81' lang='grc'><strong>39.</strong></span> <span class='ocrx_word' id='word_1_142' title='bbox 1052 1475 1140 1531; x_wconf 79' lang='lat' dir='ltr'><strong>lustau</strong></span> 
     </span>
     <span class='ocr_line' id='line_1_16' title="bbox 182 1555 1139 1631; baseline 0.003 -21"><span class='ocrx_word' id='word_1_143' title='bbox 182 1565 270 1611; x_wconf 88' lang='lat' dir='ltr'><strong>autem</strong></span> <span class='ocrx_word' id='word_1_144' title='bbox 293 1574 389 1612; x_wconf 89' lang='lat' dir='ltr'><strong>causae</strong></span> <span class='ocrx_word' id='word_1_145' title='bbox 410 1557 626 1613; x_wconf 85' lang='lat' dir='ltr'><strong>manumissionis</strong></span> <span class='ocrx_word' id='word_1_146' title='bbox 648 1566 713 1613; x_wconf 92' lang='lat' dir='ltr'><strong>sunt</strong></span> <span class='ocrx_word' id='word_1_147' title='bbox 734 1555 820 1612; x_wconf 84' lang='lat' dir='ltr'><strong>uoluti</strong></span> <span class='ocrx_word' id='word_1_148' title='bbox 843 1558 866 1612; x_wconf 88' lang='lat' dir='ltr'><strong>si</strong></span> <span class='ocrx_word' id='word_1_149' title='bbox 888 1558 948 1630; x_wconf 91' lang='lat' dir='ltr'><strong>quis</strong></span> <span class='ocrx_word' id='word_1_150' title='bbox 970 1567 1072 1631; x_wconf 85' lang='lat' dir='ltr'><strong>patrem</strong></span> <span class='ocrx_word' id='word_1_151' title='bbox 1093 1567 1139 1613; x_wconf 89' lang='lat' dir='ltr'><strong>aut</strong></span> 
     </span>
    </p>

    <p class='ocr_par' dir='ltr' id='par_1_5' title="bbox 140 1640 1140 2048">
     <span class='ocr_line' id='line_1_17' title="bbox 140 1640 1139 1715; baseline 0.003 -21"><span class='ocrx_word' id='word_1_152' title='bbox 140 1640 143 1645; x_wconf 88' lang='grc'><strong>’</strong></span> <span class='ocrx_word' id='word_1_153' title='bbox 181 1648 291 1695; x_wconf 86' lang='lat' dir='ltr'><strong>matrem</strong></span> <span class='ocrx_word' id='word_1_154' title='bbox 314 1650 359 1696; x_wconf 90' lang='lat' dir='ltr'><strong>ant</strong></span> <span class='ocrx_word' id='word_1_155' title='bbox 380 1642 567 1715; x_wconf 80' lang='lat' dir='ltr'><strong>paedagogum</strong></span> <span class='ocrx_word' id='word_1_156' title='bbox 590 1650 638 1697; x_wconf 91' lang='lat' dir='ltr'><strong>aut</strong></span> <span class='ocrx_word' id='word_1_157' title='bbox 659 1641 860 1698; x_wconf 79' lang='lat' dir='ltr'><strong>conlactaneum</strong></span> <span class='ocrx_word' id='word_1_158' title='bbox 882 1644 1061 1697; x_wconf 87' lang='lat' dir='ltr'><strong>manumittat.</strong></span> <span class='ocrx_word' id='word_1_159' title='bbox 1090 1642 1139 1697; x_wconf 85' lang='lat' dir='ltr'><strong>sed</strong></span> 
     </span>
     <span class='ocr_line' id='line_1_18' title="bbox 181 1724 1138 1799; baseline 0.001 -20"><span class='ocrx_word' id='word_1_160' title='bbox 181 1732 208 1779; x_wconf 91' lang='lat' dir='ltr'><strong>et</strong></span> <span class='ocrx_word' id='word_1_161' title='bbox 223 1724 284 1779; x_wconf 88' lang='lat' dir='ltr'><strong>illae</strong></span> <span class='ocrx_word' id='word_1_162' title='bbox 299 1741 405 1797; x_wconf 85' lang='lat' dir='ltr'><strong>causae,</strong></span> <span class='ocrx_word' id='word_1_163' title='bbox 428 1742 493 1799; x_wconf 91' lang='lat' dir='ltr'><strong>quas</strong></span> <span class='ocrx_word' id='word_1_164' title='bbox 509 1727 634 1799; x_wconf 84' lang='lat' dir='ltr'><strong>superius</strong></span> <span class='ocrx_word' id='word_1_165' title='bbox 653 1728 778 1781; x_wconf 82' lang='lat' dir='ltr'><strong>insarno</strong></span> <span class='ocrx_word' id='word_1_166' title='bbox 800 1726 903 1780; x_wconf 84' lang='lat' dir='ltr'><strong>minore</strong></span> <span class='ocrx_word' id='word_1_167' title='bbox 924 1743 987 1781; x_wconf 92' lang='lat' dir='ltr'><strong>xxx</strong></span> <span class='ocrx_word' id='word_1_168' title='bbox 1007 1742 1138 1781; x_wconf 90' lang='lat' dir='ltr'><strong>annorum</strong></span> 
     </span>
     <span class='ocr_line' id='line_1_19' title="bbox 181 1809 1140 1883; baseline 0.004 -22"><span class='ocrx_word' id='word_1_169' title='bbox 181 1809 362 1881; x_wconf 82' lang='lat' dir='ltr'><strong>exposuimus,</strong></span> <span class='ocrx_word' id='word_1_170' title='bbox 378 1809 410 1864; x_wconf 87' lang='lat' dir='ltr'><strong>ad</strong></span> <span class='ocrx_word' id='word_1_171' title='bbox 426 1810 497 1865; x_wconf 88' lang='lat' dir='ltr'><strong>huno</strong></span> <span class='ocrx_word' id='word_1_172' title='bbox 513 1826 621 1883; x_wconf 90' lang='lat' dir='ltr'><strong>quoque</strong></span> <span class='ocrx_word' id='word_1_173' title='bbox 637 1826 739 1880; x_wconf 84' lang='lat' dir='ltr'><strong>casum,</strong></span> <span class='ocrx_word' id='word_1_174' title='bbox 760 1809 793 1863; x_wconf 87' lang='lat' dir='ltr'><strong>de</strong></span> <span class='ocrx_word' id='word_1_175' title='bbox 809 1825 862 1881; x_wconf 91' lang='lat' dir='ltr'><strong>quo</strong></span> <span class='ocrx_word' id='word_1_176' title='bbox 878 1809 1024 1881; x_wconf 87' lang='lat' dir='ltr'><strong>loquimur,</strong></span> <span class='ocrx_word' id='word_1_177' title='bbox 1040 1810 1140 1865; x_wconf 75' lang='lat' dir='ltr'><strong>adferri</strong></span> 
     </span>
     <span class='ocr_line' id='line_1_20' title="bbox 181 1892 1138 1964; baseline 0.005 -19"><span class='ocrx_word' id='word_1_178' title='bbox 181 1901 306 1964; x_wconf 81' lang='lat' dir='ltr'><strong>possunt.</strong></span> <span class='ocrx_word' id='word_1_179' title='bbox 350 1895 413 1949; x_wconf 85' lang='lat' dir='ltr'><strong>item</strong></span> <span class='ocrx_word' id='word_1_180' title='bbox 437 1910 469 1949; x_wconf 81' lang='lat' dir='ltr'><strong>er</strong></span> <span class='ocrx_word' id='word_1_181' title='bbox 492 1893 600 1948; x_wconf 88' lang='lat' dir='ltr'><strong>diuerso</strong></span> <span class='ocrx_word' id='word_1_182' title='bbox 624 1894 672 1948; x_wconf 89' lang='lat' dir='ltr'><strong>hae</strong></span> <span class='ocrx_word' id='word_1_183' title='bbox 694 1907 804 1960; x_wconf 84' lang='lat' dir='ltr'><strong>causas,</strong></span> <span class='ocrx_word' id='word_1_184' title='bbox 834 1909 900 1963; x_wconf 89' lang='lat' dir='ltr'><strong>quas</strong></span> <span class='ocrx_word' id='word_1_185' title='bbox 923 1892 951 1947; x_wconf 91' lang='lat' dir='ltr'><strong>in</strong></span> <span class='ocrx_word' id='word_1_186' title='bbox 972 1894 1076 1949; x_wconf 86' lang='lat' dir='ltr'><strong>minore</strong></span> <span class='ocrx_word' id='word_1_187' title='bbox 1097 1911 1138 1950; x_wconf 84' lang='lat' dir='ltr'><strong>xx</strong></span> 
     </span>
     <span class='ocr_line' id='line_1_21' title="bbox 180 1976 1137 2048; baseline 0.003 -19"><span class='ocrx_word' id='word_1_188' title='bbox 180 1991 312 2032; x_wconf 87' lang='lat' dir='ltr'><strong>annornm</strong></span> <span class='ocrx_word' id='word_1_189' title='bbox 335 1977 444 2032; x_wconf 86' lang='lat' dir='ltr'><strong>domino</strong></span> <span class='ocrx_word' id='word_1_190' title='bbox 467 1977 638 2045; x_wconf 86' lang='lat' dir='ltr'><strong>rettulimus,</strong></span> <span class='ocrx_word' id='word_1_191' title='bbox 661 1976 765 2048; x_wconf 81' lang='lat' dir='ltr'><strong>porrigi</strong></span> <span class='ocrx_word' id='word_1_192' title='bbox 786 1983 902 2047; x_wconf 90' lang='lat' dir='ltr'><strong>possunt</strong></span> <span class='ocrx_word' id='word_1_193' title='bbox 924 1983 951 2031; x_wconf 85' lang='lat' dir='ltr'><strong>st</strong></span> <span class='ocrx_word' id='word_1_194' title='bbox 973 1976 1006 2030; x_wconf 89' lang='lat' dir='ltr'><strong>ad</strong></span> <span class='ocrx_word' id='word_1_195' title='bbox 1028 1993 1137 2032; x_wconf 85' lang='lat' dir='ltr'><strong>seruum</strong></span> 
     </span>
    </p>
   </div>
   <div class='ocr_carea' id='block_1_3' title="bbox 174 2139 1137 3194">
    <p class='ocr_par' dir='ltr' id='par_1_6' title="bbox 174 2139 1137 3194">
     <span class='ocr_line' id='line_1_22' title="bbox 179 2139 1137 2209; baseline 0.004 -19"><span class='ocrx_word' id='word_1_196' title='bbox 179 2141 281 2191; x_wconf 84' lang='lat' dir='ltr'><strong>dubium</strong></span> <span class='ocrx_word' id='word_1_197' title='bbox 300 2143 431 2191; x_wconf 83' lang='lat' dir='ltr'><strong>vocandus</strong></span> <span class='ocrx_word' id='word_1_198' title='bbox 449 2157 499 2190; x_wconf 87' lang='lat' dir='ltr'><strong>non</strong></span> <span class='ocrx_word' id='word_1_199' title='bbox 518 2148 583 2190; x_wconf 82' lang='lat' dir='ltr'><strong>erat.</strong></span> <span class='ocrx_word' id='word_1_200' title='bbox 659 2139 679 2205; x_wconf 91' lang='lat'><strong>¹)</strong></span> <span class='ocrx_word' id='word_1_201' title='bbox 699 2141 752 2190; x_wconf 85' lang='lat' dir='ltr'><strong>Per</strong></span> <span class='ocrx_word' id='word_1_202' title='bbox 766 2143 854 2191; x_wconf 85' lang='lat' dir='ltr'><strong>claras</strong></span> <span class='ocrx_word' id='word_1_203' title='bbox 872 2144 973 2192; x_wconf 81' lang='lat' dir='ltr'><strong>litteras</strong></span> <span class='ocrx_word' id='word_1_204' title='bbox 989 2146 1137 2209; x_wconf 65' lang='lat' dir='ltr'><strong>singulares</strong></span> 
     </span>
     <span class='ocr_line' id='line_1_23' title="bbox 181 2209 1135 2277; baseline 0.004 -17"><span class='ocrx_word' id='word_1_205' title='bbox 181 2213 205 2260; x_wconf 83' lang='lat'><strong>0.</strong></span> <span class='ocrx_word' id='word_1_206' title='bbox 224 2210 313 2259; x_wconf 84' lang='lat' dir='ltr'><strong>Omisit</strong></span> <span class='ocrx_word' id='word_1_207' title='bbox 326 2209 379 2260; x_wconf 82' lang='lat' dir='ltr'><strong>Kr.</strong></span> <span class='ocrx_word' id='word_1_208' title='bbox 394 2212 433 2262; x_wconf 82' lang='lat' dir='ltr'><strong>ed,</strong></span> <span class='ocrx_word' id='word_1_209' title='bbox 448 2223 469 2260; x_wconf 76' lang='lat' dir='ltr'><strong>t.</strong></span> <span class='ocrx_word' id='word_1_210' title='bbox 485 2214 512 2260; x_wconf 88' lang='lat' dir='ltr'><strong>in</strong></span> <span class='ocrx_word' id='word_1_211' title='bbox 532 2218 653 2262; x_wconf 81' lang='lat' dir='ltr'><strong>contemtu</strong></span> <span class='ocrx_word' id='word_1_212' title='bbox 672 2227 721 2277; x_wconf 87' lang='lat' dir='ltr'><strong>quo</strong></span> <span class='ocrx_word' id='word_1_213' title='bbox 738 2213 811 2274; x_wconf 86' lang='lat' dir='ltr'><strong>faeta</strong></span> <span class='ocrx_word' id='word_1_214' title='bbox 830 2229 852 2261; x_wconf 89' lang='lat' dir='ltr'><strong>u.</strong></span> <span class='ocrx_word' id='word_1_215' title='bbox 873 2213 894 2261; x_wconf 92' lang='lat' dir='ltr'><strong>is</strong></span> <span class='ocrx_word' id='word_1_216' title='bbox 912 2216 998 2264; x_wconf 88' lang='lat' dir='ltr'><strong>alieno</strong></span> <span class='ocrx_word' id='word_1_217' title='bbox 1018 2216 1073 2264; x_wconf 86' lang='lat' dir='ltr'><strong>loeo</strong></span> <span class='ocrx_word' id='word_1_218' title='bbox 1089 2230 1135 2276; x_wconf 90' lang='lat' dir='ltr'><strong>po·</strong></span> 
     </span>
     <span class='ocr_line' id='line_1_24' title="bbox 178 2281 1136 2347; baseline 0.003 -18"><span class='ocrx_word' id='word_1_219' title='bbox 178 2283 229 2329; x_wconf 87' lang='lat' dir='ltr'><strong>sita</strong></span> <span class='ocrx_word' id='word_1_220' title='bbox 240 2281 312 2342; x_wconf 80' lang='lat' dir='ltr'><strong>serni</strong></span> <span class='ocrx_word' id='word_1_221' title='bbox 325 2296 376 2330; x_wconf 92' lang='lat' dir='ltr'><strong>non</strong></span> <span class='ocrx_word' id='word_1_222' title='bbox 386 2289 480 2345; x_wconf 86' lang='lat' dir='ltr'><strong>potest,</strong></span> <span class='ocrx_word' id='word_1_223' title='bbox 494 2290 519 2330; x_wconf 85' lang='lat' dir='ltr'><strong>et</strong></span> <span class='ocrx_word' id='word_1_224' title='bbox 528 2284 661 2342; x_wconf 84' lang='lat' dir='ltr'><strong>miramur,</strong></span> <span class='ocrx_word' id='word_1_225' title='bbox 676 2284 745 2347; x_wconf 86' lang='lat' dir='ltr'><strong>quod</strong></span> <span class='ocrx_word' id='word_1_226' title='bbox 757 2285 822 2333; x_wconf 84' lang='lat' dir='ltr'><strong>ciuis</strong></span> <span class='ocrx_word' id='word_1_227' title='bbox 833 2282 903 2334; x_wconf 84' lang='lat' dir='ltr'><strong>Rom.</strong></span> <span class='ocrx_word' id='word_1_228' title='bbox 914 2284 1001 2334; x_wconf 87' lang='lat' dir='ltr'><strong>liberti</strong></span> <span class='ocrx_word' id='word_1_229' title='bbox 1014 2284 1136 2333; x_wconf 83' lang='lat' dir='ltr'><strong>bonorum</strong></span> 
     </span>
     <span class='ocr_line' id='line_1_25' title="bbox 174 2352 1136 2419; baseline 0.003 -20"><span class='ocrx_word' id='word_1_230' title='bbox 174 2353 355 2413; x_wconf 79' lang='lat' dir='ltr'><strong>possessionis,</strong></span> <span class='ocrx_word' id='word_1_231' title='bbox 373 2366 425 2400; x_wconf 92' lang='lat' dir='ltr'><strong>non</strong></span> <span class='ocrx_word' id='word_1_232' title='bbox 439 2352 590 2402; x_wconf 77' lang='lat' dir='ltr'><strong>hereditatis</strong></span> <span class='ocrx_word' id='word_1_233' title='bbox 603 2356 696 2403; x_wconf 86' lang='lat' dir='ltr'><strong>mentio</strong></span> <span class='ocrx_word' id='word_1_234' title='bbox 708 2356 745 2416; x_wconf 82' lang='lat' dir='ltr'><strong>fit.</strong></span> <span class='ocrx_word' id='word_1_235' title='bbox 773 2353 911 2419; x_wconf 80' lang='lat' dir='ltr'><strong>Intellepe:</strong></span> <span class='ocrx_word' id='word_1_236' title='bbox 928 2370 999 2412; x_wconf 88' lang='lat' dir='ltr'><strong>nona,</strong></span> <span class='ocrx_word' id='word_1_237' title='bbox 1014 2370 1069 2404; x_wconf 87' lang='lat' dir='ltr'><strong>oum</strong></span> <span class='ocrx_word' id='word_1_238' title='bbox 1084 2354 1136 2403; x_wconf 88' lang='lat' dir='ltr'><strong>La·</strong></span> 
     </span>
     <span class='ocr_line' id='line_1_26' title="bbox 178 2422 1137 2489; baseline 0.003 -20"><span class='ocrx_word' id='word_1_239' title='bbox 178 2422 248 2469; x_wconf 89' lang='lat' dir='ltr'><strong>tinus</strong></span> <span class='ocrx_word' id='word_1_240' title='bbox 258 2422 360 2470; x_wconf 80' lang='lat' dir='ltr'><strong>ciuitate</strong></span> <span class='ocrx_word' id='word_1_241' title='bbox 370 2429 466 2471; x_wconf 85' lang='lat' dir='ltr'><strong>mutata</strong></span> <span class='ocrx_word' id='word_1_242' title='bbox 475 2426 596 2474; x_wconf 86' lang='lat' dir='ltr'><strong>maiorem</strong></span> <span class='ocrx_word' id='word_1_243' title='bbox 611 2426 694 2483; x_wconf 85' lang='lat' dir='ltr'><strong>(immo</strong></span> <span class='ocrx_word' id='word_1_244' title='bbox 704 2426 848 2483; x_wconf 74' lang='lat' dir='ltr'><strong>maximam,</strong></span> <span class='ocrx_word' id='word_1_245' title='bbox 863 2425 932 2489; x_wconf 84' lang='lat' dir='ltr'><strong>quod</strong></span> <span class='ocrx_word' id='word_1_246' title='bbox 944 2440 1010 2474; x_wconf 84' lang='lat' dir='ltr'><strong>nova</strong></span> <span class='ocrx_word' id='word_1_247' title='bbox 1021 2424 1137 2474; x_wconf 87' lang='lat' dir='ltr'><strong>Romana</strong></span> 
     </span>
     <span class='ocr_line' id='line_1_27' title="bbox 178 2492 1135 2560; baseline 0.004 -21"><span class='ocrx_word' id='word_1_248' title='bbox 178 2492 271 2540; x_wconf 79' lang='lat' dir='ltr'><strong>ciuitas</strong></span> <span class='ocrx_word' id='word_1_249' title='bbox 293 2507 327 2540; x_wconf 77' lang='lat' dir='ltr'><strong>em</strong></span> <span class='ocrx_word' id='word_1_250' title='bbox 349 2495 471 2542; x_wconf 85' lang='lat' dir='ltr'><strong>seruitute</strong></span> <span class='ocrx_word' id='word_1_251' title='bbox 493 2503 576 2544; x_wconf 85' lang='lat' dir='ltr'><strong>ortam</strong></span> <span class='ocrx_word' id='word_1_252' title='bbox 594 2494 736 2544; x_wconf 82' lang='lat' dir='ltr'><strong>libertatem</strong></span> <span class='ocrx_word' id='word_1_253' title='bbox 754 2497 779 2543; x_wconf 88' lang='lat' dir='ltr'><strong>ei</strong></span> <span class='ocrx_word' id='word_1_254' title='bbox 797 2493 925 2560; x_wconf 80' lang='lat' dir='ltr'><strong>assipnat)</strong></span> <span class='ocrx_word' id='word_1_255' title='bbox 944 2497 1038 2558; x_wconf 85' lang='lat' dir='ltr'><strong>capitis</strong></span> <span class='ocrx_word' id='word_1_256' title='bbox 1058 2496 1135 2544; x_wconf 84' lang='lat' dir='ltr'><strong>demi·</strong></span> 
     </span>
     <span class='ocr_line' id='line_1_28' title="bbox 178 2564 1136 2628; baseline 0.002 -17"><span class='ocrx_word' id='word_1_257' title='bbox 178 2564 306 2611; x_wconf 87' lang='lat' dir='ltr'><strong>nationem</strong></span> <span class='ocrx_word' id='word_1_258' title='bbox 320 2577 416 2625; x_wconf 87' lang='lat' dir='ltr'><strong>passus</strong></span> <span class='ocrx_word' id='word_1_259' title='bbox 429 2566 504 2613; x_wconf 84' lang='lat' dir='ltr'><strong>etiam</strong></span> <span class='ocrx_word' id='word_1_260' title='bbox 522 2564 588 2615; x_wconf 84' lang='lat' dir='ltr'><strong>bona</strong></span> <span class='ocrx_word' id='word_1_261' title='bbox 606 2580 655 2614; x_wconf 88' lang='lat' dir='ltr'><strong>sua</strong></span> <span class='ocrx_word' id='word_1_262' title='bbox 669 2564 774 2623; x_wconf 86' lang='lat' dir='ltr'><strong>amittit,</strong></span> <span class='ocrx_word' id='word_1_263' title='bbox 793 2580 858 2628; x_wconf 83' lang='lat' dir='ltr'><strong>quae</strong></span> <span class='ocrx_word' id='word_1_264' title='bbox 876 2566 913 2613; x_wconf 85' lang='lat' dir='ltr'><strong>ad</strong></span> <span class='ocrx_word' id='word_1_265' title='bbox 929 2567 1136 2616; x_wconf 83' lang='lat' dir='ltr'><strong>manumissorem</strong></span> 
     </span>
     <span class='ocr_line' id='line_1_29' title="bbox 178 2633 1136 2699; baseline 0.002 -17"><span class='ocrx_word' id='word_1_266' title='bbox 178 2647 229 2682; x_wconf 86' lang='lat' dir='ltr'><strong>non</strong></span> <span class='ocrx_word' id='word_1_267' title='bbox 248 2633 300 2680; x_wconf 86' lang='lat' dir='ltr'><strong>nisi</strong></span> <span class='ocrx_word' id='word_1_268' title='bbox 317 2634 387 2683; x_wconf 83' lang='lat' dir='ltr'><strong>Data</strong></span> <span class='ocrx_word' id='word_1_269' title='bbox 405 2634 426 2682; x_wconf 82' lang='lat' dir='ltr'><strong>b.</strong></span> <span class='ocrx_word' id='word_1_270' title='bbox 438 2650 466 2698; x_wconf 86' lang='lat' dir='ltr'><strong>p.</strong></span> <span class='ocrx_word' id='word_1_271' title='bbox 481 2651 513 2686; x_wconf 88' lang='lat' dir='ltr'><strong>ne</strong></span> <span class='ocrx_word' id='word_1_272' title='bbox 527 2638 661 2699; x_wconf 83' lang='lat' dir='ltr'><strong>pertinere</strong></span> <span class='ocrx_word' id='word_1_273' title='bbox 676 2643 800 2699; x_wconf 86' lang='lat' dir='ltr'><strong>possunt;</strong></span> <span class='ocrx_word' id='word_1_274' title='bbox 818 2642 843 2684; x_wconf 86' lang='lat' dir='ltr'><strong>et</strong></span> <span class='ocrx_word' id='word_1_275' title='bbox 861 2636 955 2684; x_wconf 84' lang='lat' dir='ltr'><strong>deinde</strong></span> <span class='ocrx_word' id='word_1_276' title='bbox 969 2651 1021 2684; x_wconf 88' lang='lat' dir='ltr'><strong>oum</strong></span> <span class='ocrx_word' id='word_1_277' title='bbox 1039 2636 1060 2683; x_wconf 91' lang='lat' dir='ltr'><strong>is</strong></span> <span class='ocrx_word' id='word_1_278' title='bbox 1075 2634 1136 2698; x_wconf 88' lang='lat' dir='ltr'><strong>(iam</strong></span> 
     </span>
     <span class='ocr_line' id='line_1_30' title="bbox 178 2701 1136 2770; baseline 0.002 -18"><span class='ocrx_word' id='word_1_279' title='bbox 178 2704 243 2752; x_wconf 81' lang='lat' dir='ltr'><strong>ciuis</strong></span> <span class='ocrx_word' id='word_1_280' title='bbox 257 2701 328 2752; x_wconf 88' lang='lat' dir='ltr'><strong>Rom.</strong></span> <span class='ocrx_word' id='word_1_281' title='bbox 341 2703 439 2770; x_wconf 79' lang='lat' dir='ltr'><strong>sactus)</strong></span> <span class='ocrx_word' id='word_1_282' title='bbox 453 2708 560 2765; x_wconf 83' lang='lat' dir='ltr'><strong>moritur,</strong></span> <span class='ocrx_word' id='word_1_283' title='bbox 580 2722 628 2756; x_wconf 86' lang='lat' dir='ltr'><strong>neo</strong></span> <span class='ocrx_word' id='word_1_284' title='bbox 647 2721 713 2770; x_wconf 84' lang='lat' dir='ltr'><strong>quae</strong></span> <span class='ocrx_word' id='word_1_285' title='bbox 730 2713 782 2754; x_wconf 83' lang='lat' dir='ltr'><strong>tum</strong></span> <span class='ocrx_word' id='word_1_286' title='bbox 796 2706 890 2754; x_wconf 86' lang='lat' dir='ltr'><strong>omittit</strong></span> <span class='ocrx_word' id='word_1_287' title='bbox 903 2705 970 2755; x_wconf 88' lang='lat' dir='ltr'><strong>bona</strong></span> <span class='ocrx_word' id='word_1_288' title='bbox 983 2707 1136 2755; x_wconf 75' lang='lat' dir='ltr'><strong>hereditatis</strong></span> 
     </span>
     <span class='ocr_line' id='line_1_31' title="bbox 177 2774 1134 2839; baseline 0.004 -19"><span class='ocrx_word' id='word_1_289' title='bbox 177 2774 235 2821; x_wconf 85' lang='lat' dir='ltr'><strong>iure</strong></span> <span class='ocrx_word' id='word_1_290' title='bbox 253 2788 287 2821; x_wconf 84' lang='lat' dir='ltr'><strong>ean</strong></span> <span class='ocrx_word' id='word_1_291' title='bbox 305 2777 357 2819; x_wconf 76' lang='lat' dir='ltr'><strong>XI!</strong></span> <span class='ocrx_word' id='word_1_292' title='bbox 372 2775 467 2826; x_wconf 85' lang='lat' dir='ltr'><strong>tabulis</strong></span> <span class='ocrx_word' id='word_1_293' title='bbox 485 2778 521 2826; x_wconf 86' lang='lat' dir='ltr'><strong>ad</strong></span> <span class='ocrx_word' id='word_1_294' title='bbox 537 2792 605 2837; x_wconf 86' lang='lat' dir='ltr'><strong>eum,</strong></span> <span class='ocrx_word' id='word_1_295' title='bbox 625 2779 670 2839; x_wconf 86' lang='lat' dir='ltr'><strong>qui</strong></span> <span class='ocrx_word' id='word_1_296' title='bbox 688 2792 743 2826; x_wconf 86' lang='lat' dir='ltr'><strong>aum</strong></span> <span class='ocrx_word' id='word_1_297' title='bbox 765 2792 816 2826; x_wconf 89' lang='lat' dir='ltr'><strong>non</strong></span> <span class='ocrx_word' id='word_1_298' title='bbox 835 2790 870 2824; x_wconf 80' lang='lat' dir='ltr'><strong>em</strong></span> <span class='ocrx_word' id='word_1_299' title='bbox 888 2777 905 2824; x_wconf 85' lang='lat' dir='ltr'><strong>i.</strong></span> <span class='ocrx_word' id='word_1_300' title='bbox 923 2775 951 2835; x_wconf 81' lang='lat' dir='ltr'><strong>Q.</strong></span> <span class='ocrx_word' id='word_1_301' title='bbox 967 2778 1032 2824; x_wconf 86' lang='lat' dir='ltr'><strong>iuste</strong></span> <span class='ocrx_word' id='word_1_302' title='bbox 1046 2791 1134 2824; x_wconf 89' lang='lat' dir='ltr'><strong>manu·</strong></span> 
     </span>
     <span class='ocr_line' id='line_1_32' title="bbox 176 2845 1135 2910; baseline 0.004 -19"><span class='ocrx_word' id='word_1_303' title='bbox 176 2845 289 2901; x_wconf 83' lang='lat' dir='ltr'><strong>miserat,</strong></span> <span class='ocrx_word' id='word_1_304' title='bbox 299 2848 438 2907; x_wconf 82' lang='lat' dir='ltr'><strong>peruenire</strong></span> <span class='ocrx_word' id='word_1_305' title='bbox 448 2854 578 2909; x_wconf 86' lang='lat' dir='ltr'><strong>poterunt.</strong></span> <span class='ocrx_word' id='word_1_306' title='bbox 615 2845 684 2895; x_wconf 83' lang='lat' dir='ltr'><strong>Sana</strong></span> <span class='ocrx_word' id='word_1_307' title='bbox 703 2845 765 2895; x_wconf 79' lang='lat' dir='ltr'><strong>iate</strong></span> <span class='ocrx_word' id='word_1_308' title='bbox 778 2861 829 2896; x_wconf 89' lang='lat' dir='ltr'><strong>non</strong></span> <span class='ocrx_word' id='word_1_309' title='bbox 840 2847 913 2909; x_wconf 81' lang='lat' dir='ltr'><strong>fauet</strong></span> <span class='ocrx_word' id='word_1_310' title='bbox 927 2862 965 2904; x_wconf 88' lang='lat' dir='ltr'><strong>ea,</strong></span> <span class='ocrx_word' id='word_1_311' title='bbox 987 2861 1052 2910; x_wconf 80' lang='lat' dir='ltr'><strong>quae</strong></span> <span class='ocrx_word' id='word_1_312' title='bbox 1066 2861 1135 2895; x_wconf 87' lang='lat' dir='ltr'><strong>nuno</strong></span> 
     </span>
     <span class='ocr_line' id='line_1_33' title="bbox 176 2914 1134 2980; baseline 0.002 -18"><span class='ocrx_word' id='word_1_313' title='bbox 176 2914 322 2964; x_wconf 82' lang='lat' dir='ltr'><strong>dominatur</strong></span> <span class='ocrx_word' id='word_1_314' title='bbox 338 2916 410 2979; x_wconf 81' lang='lat' dir='ltr'><strong>salso</strong></span> <span class='ocrx_word' id='word_1_315' title='bbox 430 2917 461 2964; x_wconf 85' lang='lat' dir='ltr'><strong>de</strong></span> <span class='ocrx_word' id='word_1_316' title='bbox 476 2932 531 2979; x_wconf 82' lang='lat' dir='ltr'><strong>cap.</strong></span> <span class='ocrx_word' id='word_1_317' title='bbox 548 2917 719 2966; x_wconf 82' lang='lat' dir='ltr'><strong>deminutione</strong></span> <span class='ocrx_word' id='word_1_318' title='bbox 733 2917 861 2966; x_wconf 81' lang='lat' dir='ltr'><strong>doctrina.</strong></span> <span class='ocrx_word' id='word_1_319' title='bbox 889 2914 942 2967; x_wconf 80' lang='lat' dir='ltr'><strong>Sed</strong></span> <span class='ocrx_word' id='word_1_320' title='bbox 955 2918 1033 2980; x_wconf 77' lang='lat' dir='ltr'><strong>lonpa</strong></span> <span class='ocrx_word' id='word_1_321' title='bbox 1046 2916 1134 2978; x_wconf 83' lang='lat' dir='ltr'><strong>dispu-</strong></span> 
     </span>
     <span class='ocr_line' id='line_1_34' title="bbox 176 2985 1133 3043; baseline 0.001 -9"><span class='ocrx_word' id='word_1_322' title='bbox 176 2987 240 3035; x_wconf 85' lang='lat' dir='ltr'><strong>tatio</strong></span> <span class='ocrx_word' id='word_1_323' title='bbox 253 2988 378 3037; x_wconf 76' lang='lat' dir='ltr'><strong>tationem</strong></span> <span class='ocrx_word' id='word_1_324' title='bbox 396 2988 472 3035; x_wconf 86' lang='lat' dir='ltr'><strong>etiam</strong></span> <span class='ocrx_word' id='word_1_325' title='bbox 490 2985 585 3035; x_wconf 73' lang='lat' dir='ltr'><strong>liabens</strong></span> <span class='ocrx_word' id='word_1_326' title='bbox 606 2986 667 3035; x_wconf 84' lang='lat' dir='ltr'><strong>Gaii</strong></span> <span class='ocrx_word' id='word_1_327' title='bbox 680 2999 701 3043; x_wconf 84' lang='lat' dir='ltr'><strong>a,</strong></span> <span class='ocrx_word' id='word_1_328' title='bbox 716 2999 741 3038; x_wconf 76' lang='lat' dir='ltr'><strong>ta</strong></span> <span class='ocrx_word' id='word_1_329' title='bbox 760 2987 837 3036; x_wconf 80' lang='lat' dir='ltr'><strong>nutus</strong></span> <span class='ocrx_word' id='word_1_330' title='bbox 856 2987 908 3036; x_wconf 88' lang='lat' dir='ltr'><strong>loci</strong></span> <span class='ocrx_word' id='word_1_331' title='bbox 926 3002 977 3035; x_wconf 85' lang='lat' dir='ltr'><strong>nou</strong></span> <span class='ocrx_word' id='word_1_332' title='bbox 991 2993 1036 3034; x_wconf 87' lang='lat' dir='ltr'><strong>est.</strong></span> <span class='ocrx_word' id='word_1_333' title='bbox 1074 2986 1133 3035; x_wconf 87' lang='lat' dir='ltr'><strong>Vid.</strong></span> 
     </span>
     <span class='ocr_line' id='line_1_35' title="bbox 176 3052 1136 3119; baseline 0.001 -15"><span class='ocrx_word' id='word_1_334' title='bbox 176 3063 258 3105; x_wconf 86' lang='lat' dir='ltr'><strong>autem</strong></span> <span class='ocrx_word' id='word_1_335' title='bbox 268 3063 377 3119; x_wconf 80' lang='lat' dir='ltr'><strong>praeter</strong></span> <span class='ocrx_word' id='word_1_336' title='bbox 392 3069 412 3113; x_wconf 88' lang='lat'><strong>1,</strong></span> <span class='ocrx_word' id='word_1_337' title='bbox 426 3067 466 3106; x_wconf 81' lang='lat'><strong>160</strong></span> <span class='ocrx_word' id='word_1_338' title='bbox 480 3057 516 3104; x_wconf 86' lang='lat' dir='ltr'><strong>ad</strong></span> <span class='ocrx_word' id='word_1_339' title='bbox 528 3068 549 3114; x_wconf 78' lang='lat' dir='ltr'><strong>t,</strong></span> <span class='ocrx_word' id='word_1_340' title='bbox 563 3068 602 3108; x_wconf 70' lang='lat'><strong>157</strong></span> <span class='ocrx_word' id='word_1_341' title='bbox 617 3064 706 3106; x_wconf 86' lang='lat' dir='ltr'><strong>notata</strong></span> <span class='ocrx_word' id='word_1_342' title='bbox 719 3064 744 3106; x_wconf 83' lang='lat' dir='ltr'><strong>et</strong></span> <span class='ocrx_word' id='word_1_343' title='bbox 757 3069 778 3116; x_wconf 79' lang='lat' dir='ltr'><strong>a,</strong></span> <span class='ocrx_word' id='word_1_344' title='bbox 793 3068 839 3108; x_wconf 77' lang='lat'>153.</span> <span class='ocrx_word' id='word_1_345' title='bbox 922 3052 943 3119; x_wconf 70' lang='lat'><strong>³)</strong></span> <span class='ocrx_word' id='word_1_346' title='bbox 958 3057 1028 3105; x_wconf 88' lang='lat' dir='ltr'><strong>luerit</strong></span> <span class='ocrx_word' id='word_1_347' title='bbox 1044 3055 1069 3105; x_wconf 83' lang='lat'><strong>0.</strong></span> <span class='ocrx_word' id='word_1_348' title='bbox 1090 3056 1114 3105; x_wconf 87' lang='lat' dir='ltr'><em>V</em></span> <span class='ocrx_word' id='word_1_349' title='bbox 1115 3053 1136 3088; x_wconf 56' lang='grc' dir='ltr'><strong>θ*</strong></span> 
     </span>
     <span class='ocr_line' id='line_1_36' title="bbox 177 3122 699 3194; baseline 0.004 -20"><span class='ocrx_word' id='word_1_350' title='bbox 177 3126 234 3175; x_wconf 83' lang='lat' dir='ltr'><em>edd.</em></span> <span class='ocrx_word' id='word_1_351' title='bbox 258 3127 295 3190; x_wconf 81' lang='lat' dir='ltr'><strong>Cf.</strong></span> <span class='ocrx_word' id='word_1_352' title='bbox 311 3126 374 3175; x_wconf 86' lang='lat' dir='ltr'><strong>Inst.</strong></span> <span class='ocrx_word' id='word_1_353' title='bbox 388 3122 435 3193; x_wconf 88' lang='lat' dir='ltr'><strong>[si]</strong></span> <span class='ocrx_word' id='word_1_354' title='bbox 450 3122 546 3194; x_wconf 88' lang='lat' dir='ltr'><strong>[luerit]</strong></span> <span class='ocrx_word' id='word_1_355' title='bbox 560 3129 599 3176; x_wconf 84' lang='lat' dir='ltr'><strong>ed.</strong></span> <span class='ocrx_word' id='word_1_356' title='bbox 615 3126 664 3175; x_wconf 83' lang='lat' dir='ltr'><strong>Kn.</strong></span> <span class='ocrx_word' id='word_1_357' title='bbox 679 3138 699 3176; x_wconf 78' lang='lat'><strong>2.</strong></span> 
     </span>
    </p>
   </div>
   <div class='ocr_carea' id='block_1_4' title="bbox 173 3278 1135 3631">
    <p class='ocr_par' dir='ltr' id='par_1_7' title="bbox 173 3278 1135 3631">
     <span class='ocr_line' id='line_1_37' title="bbox 246 3278 1132 3351; baseline 0 -18"><span class='ocrx_word' id='word_1_358' title='bbox 246 3278 289 3351; x_wconf 60' lang='grc' dir='ltr'><strong>βξ.</strong></span> <span class='ocrx_word' id='word_1_359' title='bbox 305 3286 347 3333; x_wconf 83' lang='grc'><strong>36.</strong></span> <span class='ocrx_word' id='word_1_360' title='bbox 363 3286 404 3333; x_wconf 87' lang='grc'><strong>37.</strong></span> <span class='ocrx_word' id='word_1_361' title='bbox 420 3305 454 3324; x_wconf 86' lang='lat'>=</span> <span class='ocrx_word' id='word_1_362' title='bbox 463 3299 507 3346; x_wconf 86' lang='lat' dir='ltr'><strong>pr.</strong></span> <span class='ocrx_word' id='word_1_363' title='bbox 523 3284 545 3333; x_wconf 93' lang='lat' dir='ltr'><strong>I.</strong></span> <span class='ocrx_word' id='word_1_364' title='bbox 560 3286 628 3349; x_wconf 84' lang='lat' dir='ltr'><strong>quib.</strong></span> <span class='ocrx_word' id='word_1_365' title='bbox 642 3301 678 3335; x_wconf 80' lang='lat' dir='ltr'><strong>em</strong></span> <span class='ocrx_word' id='word_1_366' title='bbox 697 3300 767 3334; x_wconf 80' lang='lat' dir='ltr'><strong>aaut.</strong></span> <span class='ocrx_word' id='word_1_367' title='bbox 786 3300 893 3333; x_wconf 88' lang='lat' dir='ltr'><strong>manum.</strong></span> <span class='ocrx_word' id='word_1_368' title='bbox 910 3282 942 3349; x_wconf 90' lang='lat'><strong>(1,</strong></span> <span class='ocrx_word' id='word_1_369' title='bbox 958 3283 990 3350; x_wconf 80' lang='lat' dir='ltr'><strong>t).</strong></span> <span class='ocrx_word' id='word_1_370' title='bbox 1020 3285 1058 3347; x_wconf 83' lang='lat' dir='ltr'><strong>Cf.</strong></span> <span class='ocrx_word' id='word_1_371' title='bbox 1078 3284 1132 3347; x_wconf 83' lang='lat' dir='ltr'><strong>Uip.</strong></span> 
     </span>
     <span class='ocr_line' id='line_1_38' title="bbox 175 3348 1135 3419; baseline 0.002 -17"><span class='ocrx_word' id='word_1_372' title='bbox 175 3363 244 3411; x_wconf 78' lang='lat'><strong>1,15.</strong></span> <span class='ocrx_word' id='word_1_373' title='bbox 290 3348 315 3419; x_wconf 76' lang='lat'>§</span> <span class='ocrx_word' id='word_1_374' title='bbox 331 3354 373 3403; x_wconf 82' lang='grc'><strong>38.</strong></span> <span class='ocrx_word' id='word_1_375' title='bbox 389 3356 459 3416; x_wconf 79' lang='lat'><strong>=§.</strong></span> <span class='ocrx_word' id='word_1_376' title='bbox 474 3367 494 3405; x_wconf 80' lang='lat'><strong>4.</strong></span> <span class='ocrx_word' id='word_1_377' title='bbox 515 3354 603 3405; x_wconf 68' lang='lat' dir='ltr'><strong>leod.</strong></span> <span class='ocrx_word' id='word_1_378' title='bbox 625 3356 664 3419; x_wconf 79' lang='lat' dir='ltr'><strong>Cf.</strong></span> <span class='ocrx_word' id='word_1_379' title='bbox 684 3355 739 3419; x_wconf 71' lang='lat' dir='ltr'><strong>Wp.</strong></span> <span class='ocrx_word' id='word_1_380' title='bbox 754 3366 823 3413; x_wconf 78' lang='lat' dir='ltr'><strong>1,1s.</strong></span> <span class='ocrx_word' id='word_1_381' title='bbox 849 3354 892 3403; x_wconf 74' lang='lat' dir='ltr'><strong>it.</strong></span> <span class='ocrx_word' id='word_1_382' title='bbox 907 3354 1055 3405; x_wconf 72' lang='lat' dir='ltr'><strong>Danielum.</strong></span> <span class='ocrx_word' id='word_1_383' title='bbox 1075 3354 1135 3404; x_wconf 82' lang='lat' dir='ltr'><strong>Lean</strong></span> 
     </span>
     <span class='ocr_line' id='line_1_39' title="bbox 176 3420 1133 3492; baseline 0.004 -21"><span class='ocrx_word' id='word_1_384' title='bbox 176 3422 247 3471; x_wconf 78' lang='lat' dir='ltr'><strong>liau.</strong></span> <span class='ocrx_word' id='word_1_385' title='bbox 267 3420 338 3485; x_wconf 84' lang='lat' dir='ltr'><strong>Satp.</strong></span> <span class='ocrx_word' id='word_1_386' title='bbox 353 3435 386 3474; x_wconf 82' lang='lat' dir='ltr'><strong>ts.</strong></span> <span class='ocrx_word' id='word_1_387' title='bbox 410 3424 442 3472; x_wconf 87' lang='lat' dir='ltr'><strong>L.</strong></span> <span class='ocrx_word' id='word_1_388' title='bbox 457 3436 478 3475; x_wconf 77' lang='lat' dir='ltr'><strong>a.</strong></span> <span class='ocrx_word' id='word_1_389' title='bbox 499 3425 524 3475; x_wconf 84' lang='lat'><strong>0.</strong></span> <span class='ocrx_word' id='word_1_390' title='bbox 539 3426 571 3475; x_wconf 79' lang='lat' dir='ltr'><strong>de</strong></span> <span class='ocrx_word' id='word_1_391' title='bbox 590 3433 645 3475; x_wconf 86' lang='lat' dir='ltr'><strong>test.</strong></span> <span class='ocrx_word' id='word_1_392' title='bbox 666 3427 717 3474; x_wconf 84' lang='lat' dir='ltr'><strong>mit.</strong></span> <span class='ocrx_word' id='word_1_393' title='bbox 738 3425 775 3490; x_wconf 85' lang='lat' dir='ltr'><strong>(s,</strong></span> <span class='ocrx_word' id='word_1_394' title='bbox 793 3425 837 3488; x_wconf 81' lang='lat' dir='ltr'><strong>st).</strong></span> <span class='ocrx_word' id='word_1_395' title='bbox 909 3421 993 3492; x_wconf 53' lang='lat' dir='ltr'><strong>§aa</strong></span> <span class='ocrx_word' id='word_1_396' title='bbox 1010 3424 1133 3488; x_wconf 76' lang='lat' dir='ltr'><strong>Of.1,1o.</strong></span> 
     </span>
     <span class='ocr_line' id='line_1_40' title="bbox 174 3491 1133 3560; baseline 0.001 -17"><span class='ocrx_word' id='word_1_397' title='bbox 174 3494 197 3555; x_wconf 66' lang='grc' dir='ltr'><strong>ξ.</strong></span> <span class='ocrx_word' id='word_1_398' title='bbox 212 3502 232 3543; x_wconf 82' lang='lat' dir='ltr'><strong>o.</strong></span> <span class='ocrx_word' id='word_1_399' title='bbox 256 3492 278 3542; x_wconf 90' lang='lat' dir='ltr'><strong>I.</strong></span> <span class='ocrx_word' id='word_1_400' title='bbox 294 3491 353 3557; x_wconf 82' lang='lat' dir='ltr'><strong>quii</strong></span> <span class='ocrx_word' id='word_1_401' title='bbox 380 3509 415 3543; x_wconf 79' lang='lat' dir='ltr'><strong>em</strong></span> <span class='ocrx_word' id='word_1_402' title='bbox 430 3511 452 3546; x_wconf 79' lang='lat' dir='ltr'><strong>a.</strong></span> <span class='ocrx_word' id='word_1_403' title='bbox 471 3512 578 3545; x_wconf 83' lang='lat' dir='ltr'><strong>manum.</strong></span> <span class='ocrx_word' id='word_1_404' title='bbox 599 3494 631 3560; x_wconf 86' lang='lat'><strong>(1,</strong></span> <span class='ocrx_word' id='word_1_405' title='bbox 645 3495 677 3558; x_wconf 83' lang='lat' dir='ltr'><strong>s).</strong></span> <span class='ocrx_word' id='word_1_406' title='bbox 701 3496 733 3544; x_wconf 87' lang='lat' dir='ltr'><strong>L.</strong></span> <span class='ocrx_word' id='word_1_407' title='bbox 748 3506 768 3546; x_wconf 85' lang='lat' dir='ltr'><strong>a.</strong></span> <span class='ocrx_word' id='word_1_408' title='bbox 788 3506 932 3546; x_wconf 88' lang='lat' dir='ltr'><strong>11—1a.1a.</strong></span> <span class='ocrx_word' id='word_1_409' title='bbox 948 3506 981 3545; x_wconf 86' lang='lat' dir='ltr'><strong>so.</strong></span> <span class='ocrx_word' id='word_1_410' title='bbox 996 3505 1030 3546; x_wconf 80' lang='lat'><strong>25.</strong></span> <span class='ocrx_word' id='word_1_411' title='bbox 1054 3494 1087 3544; x_wconf 84' lang='lat' dir='ltr'><strong>D.</strong></span> <span class='ocrx_word' id='word_1_412' title='bbox 1102 3496 1133 3544; x_wconf 83' lang='lat' dir='ltr'><strong>de</strong></span> 
     </span>
     <span class='ocr_line' id='line_1_41' title="bbox 173 3563 1133 3631; baseline 0.003 -19"><span class='ocrx_word' id='word_1_413' title='bbox 173 3578 281 3613; x_wconf 89' lang='lat' dir='ltr'><strong>manum.</strong></span> <span class='ocrx_word' id='word_1_414' title='bbox 304 3565 373 3614; x_wconf 86' lang='lat' dir='ltr'><strong>vind.</strong></span> <span class='ocrx_word' id='word_1_415' title='bbox 393 3563 442 3631; x_wconf 85' lang='lat' dir='ltr'><strong>(to,</strong></span> <span class='ocrx_word' id='word_1_416' title='bbox 461 3565 491 3631; x_wconf 78' lang='lat' dir='ltr'><strong>a).</strong></span> <span class='ocrx_word' id='word_1_417' title='bbox 520 3565 551 3614; x_wconf 87' lang='lat' dir='ltr'><strong>L.</strong></span> <span class='ocrx_word' id='word_1_418' title='bbox 572 3577 606 3616; x_wconf 76' lang='lat'><strong>21.</strong></span> <span class='ocrx_word' id='word_1_419' title='bbox 634 3566 667 3614; x_wconf 89' lang='lat' dir='ltr'><strong>D.</strong></span> <span class='ocrx_word' id='word_1_420' title='bbox 686 3567 731 3628; x_wconf 85' lang='lat' dir='ltr'><strong>qui</strong></span> <span class='ocrx_word' id='word_1_421' title='bbox 748 3572 773 3613; x_wconf 86' lang='lat' dir='ltr'><strong>et</strong></span> <span class='ocrx_word' id='word_1_422' title='bbox 786 3580 803 3613; x_wconf 92' lang='lat' dir='ltr'><strong>a</strong></span> <span class='ocrx_word' id='word_1_423' title='bbox 820 3563 887 3628; x_wconf 81' lang='lat' dir='ltr'><strong>quib.</strong></span> <span class='ocrx_word' id='word_1_424' title='bbox 909 3581 1018 3615; x_wconf 87' lang='lat' dir='ltr'><strong>manum.</strong></span> <span class='ocrx_word' id='word_1_425' title='bbox 1037 3565 1081 3630; x_wconf 78' lang='lat'><strong>(40,</strong></span> <span class='ocrx_word' id='word_1_426' title='bbox 1100 3565 1133 3630; x_wconf 80' lang='lat' dir='ltr'><strong>a).</strong></span> 
     </span>
    </p>
   </div>
   <div class='ocr_carea' id='block_1_5' title="bbox 0 0 1310 3942">
    <p class='ocr_par' dir='ltr' id='par_1_8' title="bbox 0 0 1310 3942">
     <span class='ocr_line' id='line_1_42' title="bbox 0 0 1310 3942; baseline 0 3"><span class='ocrx_word' id='word_1_427' title='bbox 0 0 1310 3942; x_wconf 95' lang='lat' dir='ltr'><strong> </strong></span> 
     </span>
    </p>
   </div>
  </div>
 </body>
</html>
