2609 3942
442 219 504 255 osu
520 221 614 258 russin.
634 204 655 256 Ι.
676 210 784 258 14-19.
1029 206 1089 269 175

130 377 225 418 nonam
253 363 376 433 quaestio
399 363 543 418 tormentis
565 361 655 417 habita
681 363 731 431 sit,
761 370 789 417 et
810 364 838 417 in
860 379 893 418 ea
914 380 983 419 nona
1005 363 1088 419 iulsse

28 490 34 498 .
129 446 245 502 conuicti
261 449 326 515 siut,
342 445 432 518 ’quiue
447 438 505 525 (ut)
522 438 586 502 aut¹
603 444 676 501 ierru
699 453 744 499 aut
760 462 819 501 curu
842 445 935 502 bestiis
950 447 1088 521 depugna·

129 536 201 599 rent,
217 530 308 584 traditi
322 530 387 598 sint,
408 532 471 586 iuue
486 529 580 586 ludum
595 528 781 585 custodiamus
796 531 912 585 coniecti
927 531 1039 602 luerint,
1061 539 1088 587 et

128 620 224 685 pastea
233 612 279 667 uel
291 613 322 668 ab
335 615 431 669 eodem
443 613 552 670 domino
564 612 608 669 uel
621 612 653 668 ab
661 611 713 667 alio
721 614 887 682 manumissi,
899 614 1088 669 eiusdemcon-

129 694 242 752 dicionis
255 694 332 752 liberi
347 694 427 768 liant,
446 699 522 754 cuius
535 696 701 754 condicionis
716 705 780 751 sunt
794 690 945 770 peregriui²
959 697 1087 755 dediticii.

194 779 223 835 V.
266 789 299 838 lle
327 791 460 853 peregrinis
488 790 618 840 dediticiis.
660 777 704 838 14.
731 780 868 837 Vocantur
895 788 982 835 autem
1011 797 1088 853 pere·

128 862 200 936 grini
220 862 337 921 dediticii
363 865 405 934 hi,
429 865 475 937 qui
497 863 632 938 quondam
648 864 779 920 aduersus
794 863 924 938 populum
940 865 1088 920 Romanum

129 947 208 1001 armis
229 949 364 1020 susceptis
385 956 577 1023 pugnauerunt
591 947 627 1004 ’et
650 948 746 1004 deinde
766 941 850 1005 uleti³
870 964 900 1003 se
915 947 1085 1007 dediderunt.

127 1024 171 1086 lo.
187 1029 272 1086 Huius
288 1048 355 1104 ergo
372 1032 545 1106 turpitudinis
560 1047 657 1088 seruos
674 1049 845 1106 quocumque
857 1032 937 1088 modo
954 1041 980 1088 et
996 1035 1085 1089 cnius-

128 1129 242 1186 eumque
255 1117 350 1171 aetatis
361 1118 550 1186 manumissos,
565 1117 616 1172 etsi
627 1116 709 1190 plenu
721 1120 781 1173 iure
792 1117 962 1172 dominorum
975 1116 1086 1191 inerint,

127 1213 271 1270 numquam
294 1208 340 1256 aut
362 1201 436 1255 ciues
450 1200 584 1256 Romanos
607 1208 653 1256 aut
675 1200 784 1256 latinus
807 1198 865 1256 iieri
888 1199 1018 1271 dicemus,
1038 1201 1086 1257 sed

128 1282 282 1338 omnimoda
298 1283 485 1340 dediticiorum
501 1300 612 1340 numera
630 1285 760 1341 cunstitui
774 1284 974 1356 intellegemus.

65 1378 118 1431 [rus]
189 1360 235 1423 lo.
259 1366 287 1422 Si
303 1383 368 1423 uero
384 1368 412 1423 in
426 1368 499 1423 nulla
515 1367 561 1424 tali
578 1368 745 1442 turpitudine
761 1369 797 1422 sit
811 1383 918 1439 seruus,
938 1369 1086 1423 manumis-

126 1465 186 1504 sum
208 1450 290 1507 modo
313 1452 401 1506 ciuem
422 1450 585 1522 Romanum,
613 1453 694 1507 modo
716 1450 840 1507 latinum
867 1450 924 1506 lieri
947 1443 1085 1528 dicelmus.
1099 1459 1123 1507 4.

126 1528 170 1589 17.
192 1534 256 1588 Nam
272 1536 300 1589 ln
315 1537 391 1590 cuius
407 1551 523 1608 persona
545 1536 597 1591 tria
619 1536 686 1592 hacc
707 1543 883 1606 concurrant,
906 1543 936 1590 ut
951 1538 1035 1591 maior
1050 1538 1086 1591 sit

126 1632 258 1671 annorum
279 1618 402 1688 triginta,
425 1625 452 1671 et
474 1634 507 1671 en
528 1619 587 1671 iure
609 1617 752 1684 Quiritium
775 1618 893 1688 domini,
915 1627 942 1674 et
964 1621 1034 1675 iusta
1056 1636 1086 1677 ac

126 1698 249 1771 legitima
272 1699 481 1753 manumissione
497 1697 635 1767 liberetur,
652 1701 735 1756 idest
751 1702 869 1756 uindicta
885 1709 930 1756 aut
942 1718 1025 1757 ceusu
1040 1710 1087 1757 aut

126 1789 302 1852 testamento,
322 1781 345 1835 is
365 1781 432 1837 ciuis
446 1780 581 1836 Romanus
604 1779 649 1850 tn;
673 1785 713 1836 sin
730 1798 795 1837 nero
812 1783 912 1855 aliquid
927 1799 1021 1839 eurum
1041 1785 1086 1839 de·

126 1867 196 1936 erit,
212 1864 322 1921 latinus
338 1867 399 1925 erit.

190 1949 219 2007 V.
255 1959 289 2007 lle
321 1954 521 2008 manumissione⁴
553 1958 591 2008 uel
623 1973 711 2009 causac
743 1958 893 2021 probatione.
937 1946 981 2008 18.
1011 1947 1086 2017 Quod

126 2041 215 2089 autem
244 2033 277 2090 de
305 2041 393 2090 aetate
415 2035 489 2090 serui
509 2030 675 2106 requiritur,
703 2034 764 2107 lege
786 2032 859 2088 delia
881 2032 973 2089 Sentia
1001 2035 1085 2091 intro·

127 2115 237 2172 ductum
260 2125 309 2176 est.
345 2136 404 2173 nam
420 2134 451 2173 ea
472 2118 514 2174 len
532 2119 649 2173 minores
670 2136 733 2176 xxx
760 2133 893 2173 annorum
914 2134 1009 2173 seruos
1030 2134 1086 2175 non

126 2199 203 2256 aliter
217 2201 305 2258 uoluit
319 2203 497 2258 manumissos
507 2203 580 2258 ciues
591 2200 725 2258 Romanus
741 2200 810 2271 fieri,
826 2218 905 2274 quam
921 2203 944 2257 si
958 2201 1085 2275 uindicta,

127 2283 197 2356 apud
212 2285 353 2340 consilium
373 2287 443 2340 iusta
458 2301 540 2341 cansa
555 2287 771 2342 manumissionis
793 2285 956 2358 adprobata,
978 2285 1085 2343 liberati

127 2365 239 2422 luerint.
280 2364 326 2424 lo.
349 2368 421 2425 lustu
440 2378 529 2426 autem
550 2386 629 2427 causa
650 2371 867 2426 manumissionis
888 2376 930 2425 est
951 2371 1036 2426 ueluti
1062 2373 1085 2427 si

127 2450 188 2523 quis
213 2447 296 2506 filium
320 2449 436 2509 filiamue
462 2462 508 2509 aut
533 2454 642 2509 iratrem
669 2470 827 2510 sororemue
850 2455 1015 2527 naturalem,
1038 2465 1085 2511 aut

199 2612 219 2681 ¹)
234 2617 320 2680 quique
336 2624 376 2667 aut
391 2618 415 2668 0.
430 2620 517 2682 quique
532 2626 557 2668 ut
566 2621 622 2671 edd.
633 2621 706 2683 quiue
721 2627 792 2669 uteae
803 2619 908 2671 Goescla.
918 2622 950 2682 cJ'.
959 2621 999 2669 ed.
1009 2618 1083 2670 stud.

128 2678 149 2748 ')
169 2684 254 2735 Erunt
266 2689 333 2736 enim
346 2690 423 2738 etium
442 2690 545 2752 quidum
560 2692 628 2739 ciues
646 2691 773 2750 dediticii,
792 2692 861 2739 uelut
878 2692 938 2740 olim
954 2691 1083 2754 Campani.

128 2750 150 2820 ⁸)
159 2753 204 2805 Sic
214 2755 344 2807 Goeselnen
353 2766 378 2807 et
392 2755 444 2817 V'i,
454 2774 603 2824 quamquam
613 2768 637 2809 et
646 2776 737 2810 errem
743 2762 878 2824 perducto.
894 2761 979 2810 deinde
990 2768 1017 2810 ut
1025 2762 1084 2810 uicti

125 2833 181 2876 suut
193 2828 225 2876 de
238 2828 343 2878 Luciam.
357 2830 389 2890 ej.
403 2830 442 2879 ed.
455 2828 502 2895 Bp.
522 2831 607 2879 deinde
623 2838 706 2880 autem
724 2834 787 2895 (pro
802 2839 826 2880 ct
840 2830 937 2897 deinde)
950 2832 990 2880 ed.
1004 2830 1053 2897 Bp.
1063 2842 1082 2883 o.

126 2892 148 2960 ⁴)
162 2896 237 2947 Ilaec
251 2899 388 2961 inscriptio
399 2899 514 2962 fortusse
524 2902 617 2964 prodit
625 2917 682 2951 eum
691 2904 827 2965 particula
837 2908 915 2950 autem
925 2901 960 2962 (ξ.
972 2914 997 2952 18
1007 2899 1082 2965 init),

125 2966 173 3017 doc
191 2970 248 3018 luco
267 2970 295 3017 in
311 2967 336 3018 0.
354 2970 491 3034 caecidisse,
511 2987 576 3035 quae
594 2973 626 3021 de
640 2975 838 3024 manumissione
852 2972 977 3029 vindicta,
996 2986 1082 3030 censu,

125 3042 272 3089 testamento
294 3037 375 3089 uatus
392 3048 420 3089 ut
442 3040 498 3105 Ulp.
516 3044 539 3099 1,
560 3046 629 3091 7-9
645 3045 703 3093 sine
720 3043 798 3094 dubio
818 3044 891 3093 circu
911 3042 1012 3090 initium
1030 3056 1083 3090 mu·

125 3110 207 3157 teriue
225 3111 353 3172 exposuit.
392 3111 475 3174 0111,
493 3114 548 3162 126.

194 3269 218 3342 fi.
233 3276 274 3325 14.
299 3274 336 3337 Cf.
350 3274 380 3325 Ε.
390 3274 513 3326 Huscltlce
525 3276 620 3327 Cenem
632 3295 656 3329 u.
666 3276 823 3341 Steueruerf.
829 3292 856 3340 p.
866 3288 905 3327 loa
914 3290 964 3339 seq.
999 3272 1025 3343 ἕ.
1042 3279 1107 3345 15..

126 3343 163 3407 Cf.
181 3346 219 3406 ξς.
234 3357 265 3396 in.
280 3355 313 3396 ss.
348 3342 372 3413 ἕ.
388 3347 428 3397 16.
445 3346 481 3410 Cf.
502 3346 546 3396 ll.
565 3348 666 3399 nosrta.
686 3359 706 3399 s.
726 3360 759 3399 1s.
797 3343 821 3414 §-
838 3350 877 3398 17.
899 3346 936 3409 Os.
963 3344 1048 3409 Ulpi,
1061 3359 1081 3399 s.

123 3424 156 3464 m.
170 3426 203 3465 rs.
219 3427 251 3466 rs.
270 3415 301 3463 L.
318 3427 350 3466 11.
368 3416 392 3467 0.
402 3417 434 3465 de
448 3424 498 3468 act.
514 3421 590 3482 empti
604 3417 690 3483 (aaa).
727 3413 752 3486 ἦ.
768 3419 807 3468 18.
824 3417 861 3481 Of.
879 3417 933 3480 Uip.
948 3428 969 3475 1,
983 3430 1016 3468 rr.
1038 3418 1080 3469 Fr.

120 3484 222 3537 Ducitis.
233 3497 265 3536 aa.
282 3486 332 3536 Oic.
343 3501 395 3549 pro
404 3486 486 3538 Balbo
496 3499 516 3539 8.
531 3489 558 3538 L.
568 3500 594 3540 1o
604 3504 648 3551 pr.
659 3490 692 3538 D.
707 3490 739 3539 de
748 3504 855 3541 manum.
868 3489 937 3540 vind.
949 3488 993 3554 (so,
1004 3490 1033 3539 al.
1047 3489 1079 3537 L.

119 3567 154 3608 aa.
165 3555 197 3606 D.
207 3556 355 3607 demonum.
367 3564 423 3607 test.
434 3557 478 3622 (to,
488 3555 520 3624 t).
544 3559 595 3620 lege
609 3559 674 3609 delia
687 3555 780 3627 Sentia]
794 3576 817 3610 a.
827 3572 847 3612 a.
876 3555 900 3628 ἕ
911 3562 951 3611 19.
969 3559 1005 3624 Cf.
1015 3561 1038 3621 ἓ.
1048 3570 1081 3611 aa.
