2609 3942
459 193 519 229 sarr
538 195 639 230 marra.
660 177 680 229 I.
700 184 809 232 46-51.
1055 178 1113 242 185

526 350 568 390 νν.
595 333 709 392 2-24.
1107 331 1111 410 i
1127 336 1166 384 13.

57 441 60 447 ·
154 412 203 473 46.
225 433 287 473 nam
309 427 337 473 et
360 418 382 473 si
404 424 566 472 testamento
595 418 703 490 seriptis
731 419 757 473 in
781 417 871 474 orbem
895 421 981 475 seruis
1004 419 1112 475 libertas

155 500 216 555 data
231 501 276 570 sit,
293 490 355 573 qnia
371 499 461 555 nullus
474 499 542 556 ordo
558 501 775 555 manumissionis
791 502 936 567 inuenitur,
953 503 1020 557 nulli
1036 502 1112 559 liberi

155 593 251 652 erunt3
268 586 329 657 quia
344 584 388 640 lex
403 582 477 638 llufia
493 582 610 652 Caninio,
627 599 696 656 qnae
712 586 738 638 in
755 583 874 639 fraudem
890 587 948 640 eius
965 586 1032 641 iacta
1048 588 1112 657 sint,

154 667 292 724 rescindit,
319 675 383 723 sunt
398 669 475 723 etiam
488 667 613 741 specialia
625 666 870 735 senatusconsulta,
886 668 984 739 quibus
999 671 1112 725 rescissa

155 758 219 806 sunt
233 767 273 823 ea,
289 767 357 825 quae
374 752 401 806 in
417 750 537 806 iraudem
553 752 611 805 elus
626 751 697 823 legis
712 752 863 824 excogitata
879 759 951 810 sunt.

217 830 263 892 47.
286 835 313 891 ln
336 851 439 890 summa
461 832 598 890 sciendum
621 842 679 904 est,
703 827 818 907 (quod)¹
842 834 903 906 lege
926 834 998 891 delia
1022 833 1112 889 Sentia

154 924 261 976 cantum
275 917 338 988 'est‚
361 912 406 974 ut²
419 910 562 993 (patroni)
577 926 623 973 aut
638 918 801 973 creditorum
816 919 1023 974 fraudandornm
1034 934 1114 974 causa

154 1004 308 1059 manumissi
323 1002 401 1058 liberi
417 1017 471 1056 non
488 998 561 1073 fiant,
583 1004 661 1057 etiam
678 1003 729 1057 lroc
744 1001 775 1057 ad
791 1004 950 1076 peregrinos
965 1004 1113 1075 pertinere,

154 1084 252 1159 ((aum)
275 1077 406 1142 senatus³
425 1087 461 1142 ita
480 1086 585 1141 censuit
606 1101 637 1140 er
659 1087 818 1142 auctoritate
834 1079 951 1164 ’(ιὶιίιί)4
972 1082 1112 1159 Hadriani)

154 1178 246 1227 cetera
262 1186 328 1226 uero
343 1171 403 1225 iura
418 1171 476 1226 eius
492 1169 561 1242 legis
577 1168 609 1223 ad
625 1171 787 1241 peregrinos
803 1186 857 1224 non
873 1163 1035 1242 pertinere.⁵

217 1251 267 1314 48.
282 1253 410 1326 Sequitur
425 1254 458 1309 de
474 1256 532 1309 iure
554 1269 731 1324 personarum
748 1252 797 1308 alia
810 1253 919 1307 diuisio.
956 1269 1015 1306 nam
1031 1269 1113 1325 quae-

154 1337 212 1391 dam
225 1354 357 1412 personae
370 1338 412 1392 sui
423 1338 490 1391 iuris
502 1344 576 1406 sunt,
589 1336 717 1408 quaedam
731 1335 817 1391 alieno
828 1337 880 1390 iuri
890 1344 955 1391 sunt
968 1334 1112 1393 subiectae.

154 1416 205 1477 49.
223 1421 275 1476 Sed
297 1437 392 1476 rursus
407 1436 497 1476 earum
513 1436 702 1492 personarum,
724 1436 792 1491 quae
807 1419 894 1475 alieno
910 1420 962 1475 iuri
977 1417 1113 1474 subiectae

157 1512 230 1572 snat,
246 1503 311 1559 aliae
326 1505 353 1558 in
369 1511 514 1575 potestate,
530 1502 601 1558 aliae
617 1505 643 1557 ia
657 1519 745 1573 manu,
762 1503 833 1559 aliae
848 1505 875 1558 in
891 1503 1023 1575 mancipio
1038 1510 1112 1558 sunt.

155 1583 207 1642 50.
231 1586 373 1640 Videamus
395 1601 466 1640 nunc
488 1585 521 1639 de
543 1586 591 1655 iis,
614 1601 682 1657 quae
704 1585 792 1642 alieno
813 1588 865 1642 iuri
880 1586 1023 1642 subiectae
1044 1588 1113 1641 sint:

155 1660 279 1745 ’(ηουη)6
301 1668 323 1720 si
346 1667 569 1739 cognominus,
600 1683 669 1738 quae
690 1670 758 1723 istae
780 1685 912 1740 personae
934 1673 1006 1738 sint,
1035 1669 1113 1723 simul

155 1750 357 1823 intellegemus,
373 1764 440 1820 quae
455 1749 496 1802 sui
512 1748 577 1802 iuris
592 1751 657 1803 sint.
687 1747 731 1805 51.
748 1753 786 1804 Ao
806 1752 881 1822 prius
896 1750 1067 1822 dispiciamus
1082 1750 1116 1805 de

155 1834 204 1903 iis,
221 1835 266 1906 qui
282 1834 309 1888 in
326 1832 410 1888 aliena
426 1837 561 1904 potestate
576 1838 650 1885 sunt.

155 1994 267 2042 noluerit
285 1997 466 2048 testamentum,
485 1990 532 2038 sed
548 1990 665 2052 epistolis
683 1997 729 2038 aut
747 1988 943 2054 quibuscumque
961 1992 1023 2039 aliis
1040 1991 1116 2040 rebus

154 2065 239 2113 seruis
253 2060 440 2126 cumpluribus
454 2075 528 2124 quam
538 2074 590 2123 per
604 2066 778 2108 testamentum
790 2060 858 2117 licet,
873 2061 994 2122 conferre
1004 2063 1116 2110 uoluerit

155 2133 287 2183 libertates
305 2139 330 2181 et
347 2130 394 2180 sul>
413 2138 524 2193 tempore
537 2132 627 2179 mortis
645 2130 808 2192 hocsemii,
827 2130 862 2186 ltt',
881 2133 926 2194 qui
935 2133 1013 2195 prius
1027 2147 1115 2181 maara·

154 2205 226 2253 missi
238 2204 349 2264 suerint,
363 2201 491 2264 usquead
503 2215 633 2249 numerum
642 2202 763 2262 superius
772 2203 935 2250 constitutum
945 2202 1022 2251 liberi
1031 2210 1114 2260 erunt,

156 2276 199 2337 qui
217 2287 281 2322 uero
296 2278 357 2335 post
374 2277 495 2320 statutum
518 2284 648 2319 numerum
667 2269 818 2320 manumissi
834 2270 947 2333 fuerint,
969 2274 1042 2321 serui
1058 2274 1115 2321 siae

155 2343 233 2392 dubio
245 2340 437 2404 permanebunt.
460 2352 481 2390 t.
498 2339 562 2389 Nam
572 2341 596 2389 si
605 2342 740 2390 incolumis
754 2355 922 2406 quoscumque
935 2342 1041 2392 diuerso
1055 2351 1114 2393 tem·

151 2427 219 2476 pore
230 2412 383 2468 manitmisit,
394 2412 462 2460 inter
470 2425 521 2467 eos,
533 2413 632 2474 quiper
641 2418 814 2460 testamentum
823 2414 972 2461 manumissi
980 2420 1047 2470 sunt,
1058 2416 1122 2462 aud.

155 2478 460 2545 latemuscomputeutur'.
475 2480 657 2530 Exiistamea
666 2480 873 2544 Epitomatorea,
882 2485 1113 2546 quae§§.o.4,coa·

155 2555 283 2610 timeatur,
298 2551 404 2601 aliunde
417 2567 492 2615 quam
506 2566 540 2600 ex
557 2551 621 2600 Gaio
634 2553 753 2599 sumsisse
767 2552 877 2600 videtur.
922 2550 942 2619 1)
954 2549 1055 2619 ‘(cum)'
1071 2554 1110 2602 ed.

154 2622 203 2688 Bp.
242 2619 265 2687 ²)
279 2623 311 2671 sit
325 2628 365 2671 aut
377 2620 470 2670 Scded.
484 2623 560 2670 etiam
579 2617 631 2678 γ’),
645 2627 803 2683 corruptum,
818 2629 845 2669 ut
855 2630 928 2684 puto,
942 2630 999 2671 exe
1013 2631 1051 2671 ut:
1066 2623 1113 2672 sed

156 2700 286 2756 acceptum
297 2707 349 2756 pro
360 2692 380 2740 si
389 2698 415 2740 ut
424 2692 518 2755 effecit,
533 2698 561 2740 ut
571 2697 706 2740 corrector
719 2697 808 2752 postea
819 2705 897 2753 saper
906 2693 1043 2742 manumissi
1053 2708 1114 2756 sup·

151 2766 237 2827 ploret
251 2764 307 2811 sint.
331 2762 398 2811 idem
412 2762 481 2825 quod
488 2762 627 2810 secandum
641 2756 687 2809 W
699 2763 769 2809 inter
778 2768 817 2809 aut
827 2768 852 2808 et
860 2762 1013 2821 creditorum,
1028 2765 1114 2812 alieno

155 2848 218 2882 saue
233 2835 297 2890 loco,
315 2834 417 2896 siparum
435 2833 598 2894 superposuit
612 2842 646 2888 11,
666 2846 695 2880 eo
714 2832 864 2895 mortificare
880 2832 943 2880 milri
956 2834 1058 2881 uidetur
1071 2848 1113 2882 uo·

157 2905 248 2961 luisse,
267 2903 386 2952 omissum
404 2902 505 2966 aliquid
523 2916 576 2950 esse
594 2901 672 2964 (puta
690 2917 711 2949 c.
727 2901 820 2964 patroni
840 2903 897 2950 coll.
913 2903 935 2962 ς.
951 2903 986 2963 st)
1006 2904 1114 2964 quadiu

156 2974 274 3038 mareiae
286 2971 333 3021 aab
347 2972 432 3022 eodem
445 2973 520 3037 siquo
534 2973 654 3034 supplere
669 2970 761 3020 oblitus
774 2978 819 3019 est.
848 2977 917 3020 certe
930 2986 981 3020 aaa
996 2971 1114 3019 dubitan-

156 3044 224 3101 dum,
239 3045 315 3092 etiam
329 3043 400 3104 apud
408 3043 572 3107 peregriaos,
586 3042 687 3090 etiamsi
701 3056 751 3090 aaa
765 3056 858 3099 omnes,
873 3042 996 3105 patronis
1010 3042 1116 3104 aliquod

157 3115 198 3162 ius
212 3115 239 3161 in
254 3112 327 3163 donis
341 3111 490 3161 libertorum
501 3112 593 3175 fuisse.
631 3108 652 3174 ⁸)
668 3118 765 3160 senatus
782 3111 807 3160 θ.
819 3112 876 3160 edd.
891 3110 939 3176 Bp.
954 3109 1027 3160 Stud.
1043 3111 1078 3173 cf.
1094 3123 1114 3169 1,

155 3193 189 3235 dt.
241 3181 262 3249 ⁴)
278 3183 380 3232 Addidi
388 3189 554 3246 euperpetuo
570 3181 631 3231 Gaii
643 3196 721 3230 more.
769 3178 790 3246 ⁶)
805 3180 928 3245 Sequitur
941 3183 1011 3230 linea
1023 3196 1112 3230 uacua.

158 3251 180 3319 ⁶)
193 3252 239 3302 Be
252 3254 312 3318 Dip.
328 3259 353 3302 et
365 3252 430 3301 Iasi.
443 3254 566 3315 supplevi.

226 3371 252 3444 §-
266 3377 309 3426 46.
333 3374 371 3438 Cf.
385 3390 466 3438 supra
481 3377 504 3435 ᾖ.
520 3376 566 3425 21⁸.
591 3375 623 3423 L.
638 3386 672 3426 st.
696 3374 729 3423 Ι).
744 3374 775 3423 de
794 3374 890 3424 condit.
905 3382 930 3424 et
943 3375 1006 3424 dem.
1022 3374 1066 3441 (stt,
1081 3375 1112 3437 1).

155 3442 181 3514 ᾗ.
192 3448 235 3496 47.
252 3446 290 3509 Of.
301 3448 324 3508 ξ.
335 3456 369 3497 itt.
439 3440 653 3582 §Md-51³
665 3444 697 3492 L.
708 3456 717 3493 i
730 3459 774 3508 pr.
786 3444 816 3492 D.
828 3445 860 3494 de
872 3445 914 3494 Itis
928 3447 972 3509 qui
984 3447 1027 3494 sui
1037 3444 1069 3511 (1,
1079 3443 1112 3508 o).

150 3515 228 3581 pml.
243 3517 299 3566 eod.
314 3517 346 3580 (1,
355 3516 388 3579 8).
459 3553 464 3562 .
479 3517 521 3566 49.
539 3515 576 3578 Cf.
590 3515 633 3563 m.
649 3514 708 3564 Vat.
719 3524 766 3566 298.
779 3526 825 3566 tou.
845 3515 905 3565 hem
915 3516 986 3565 Flam
996 3514 1068 3579 Salpe.
1078 3526 1112 3565 aa.
