2609 3942
190 195 253 260 346
482 207 544 244 auu
563 207 662 242 moran.
679 188 727 242 IV.
747 193 854 242 10-13.

253 344 300 406 10.
324 347 456 414 Quaedam
471 356 610 422 praeterea
625 354 689 402 suut
704 347 835 416 actiones,
851 361 919 419 quae
932 345 964 400 ad
979 344 1049 417 legis
1065 344 1151 400 actio·

190 450 252 489 nem
267 434 463 505 exprimuntur,
479 431 609 503 quaedam
624 447 674 487 sua
687 432 713 485 ui
725 446 755 485 ac
766 438 901 503 potestate
917 436 1059 485 constant:
1075 428 1151 499 quod

191 527 223 573 ut
243 515 414 571 manifestum
435 514 497 588 liat,
520 531 589 589 opus
611 523 669 586 est,
698 522 728 569 ut
751 514 826 587 prius
849 511 882 569 de
904 512 974 586 legis
997 511 1151 568 actionibus
1159 522 1212 575 [999]

191 601 344 674 loquamur.

253 681 293 744 11.
309 684 444 754 Actiones,
462 698 527 756 quas
538 684 566 738 in
578 698 630 739 usu
641 690 750 737 ueteres
765 680 928 749 babuerunt,
944 679 1013 753 legis
1030 679 1150 735 actiones

192 766 411 842 appellabantur,
433 766 478 823 uel
497 766 557 822 ideo
578 766 651 838 quod
672 764 778 836 legibus
796 763 919 838 proditae
934 771 1027 833 erant,
1049 764 1150 836 quippe

192 860 256 908 tuuc
275 852 359 907 edicta
380 849 529 924 praetoris,
550 850 648 923 quibus
668 848 814 922 conplures
835 849 954 904 actiones
979 845 1150 903 introductae

191 945 266 1006 sunt,
283 933 401 990 noudum
418 936 446 989 in
458 951 510 989 usu
521 933 698 1004 habebantur,
714 932 759 988 uel
771 931 830 987 ideo
847 932 909 1004 quia
923 932 1040 1004 ipsarum
1057 930 1150 1003 legum

192 1017 281 1074 uerbis
302 1016 516 1073 accommodatae
532 1026 608 1073 eraut
623 1024 651 1072 et
665 1017 726 1072 ideo
743 1014 921 1072 immutabiles
936 1013 1051 1087 proinde
1068 1023 1150 1087 atque

191 1101 266 1172 leges
288 1099 517 1157 obseruabantur:
539 1100 609 1155 unde
631 1116 694 1156 cum
715 1100 778 1172 quis
798 1098 832 1154 de
852 1096 952 1154 ultibus
973 1099 1089 1154 succisis
1112 1100 1149 1153 ita

192 1186 304 1259 egisset,
320 1185 392 1240 utin
408 1185 512 1240 actione
528 1184 598 1238 uites
613 1185 779 1253 nominaret,
794 1198 955 1255 responsum
977 1173 1065 1261 (est),
1088 1197 1150 1237 euru

191 1284 249 1324 rem
264 1268 427 1341 perdidisse,
444 1270 505 1340 quia
521 1267 657 1323 debuisset
672 1266 782 1323 arbores
797 1268 948 1337 nominare,
968 1281 1001 1321 eo
1017 1265 1091 1338 quod
1106 1265 1150 1320 lex

191 1368 238 1410 x11
260 1351 422 1423 tabularum,
451 1367 483 1407 en
504 1369 556 1424 qua
577 1351 609 1407 de
631 1350 732 1407 ultibus
753 1350 866 1406 succisis
887 1351 957 1406 actio
979 1356 1148 1422 conpeteret,

193 1435 357 1509 generaliter
375 1435 408 1490 de
424 1434 564 1491 arboribus
579 1437 690 1492 succisis
711 1435 879 1506 loqueretur.
909 1429 955 1490 12.
971 1431 1043 1507 lege
1058 1439 1149 1488 autem

121 1535 178 1584 191,
192 1516 323 1591 agebatur
337 1518 424 1574 modis
441 1514 445 1595 Ι
463 1520 591 1592 quinque,
608 1526 792 1589 sacramento,
813 1533 862 1589 per
877 1516 972 1572 iudicis
988 1516 1148 1590 postulatio·

129 1601 146 1638 ²·
160 1609 178 1638 ⁸·
191 1616 264 1672 nem,
285 1618 334 1674 per
348 1602 554 1674 condictionem,
576 1619 626 1676 per
640 1617 734 1658 manus
752 1602 935 1673 iniectionem,
957 1616 1007 1674 per
1025 1601 1148 1673 pignoris

192 1686 354 1759 captionem.

253 1766 297 1827 13.
314 1769 477 1826 Sacramenti
490 1772 561 1826 actio
578 1769 712 1843 generalis
727 1777 798 1825 erat:
815 1766 966 1840 dequibus
981 1768 1050 1822 enim
1065 1766 1148 1823 rebus

193 1861 223 1909 ut
241 1854 320 1909 aliter
339 1861 481 1928 ageretur,
504 1853 565 1927 lege
581 1862 688 1910 cautum
703 1869 758 1909 non
772 1859 845 1924 erat,
866 1851 899 1907 de
919 1852 964 1907 bis
978 1860 1149 1907 sacramento

192 1937 338 2011 agebatur:
354 1952 439 2011 eaque
454 1939 525 1994 actio
540 1937 652 2010 perinde
666 1936 824 2010 periculosa
843 1946 900 1993 erat
920 1935 1065 2008 falsiloquo
1077 1953 1149 2007 pro·

188 2031 258 2093 pter
277 2015 494 2078 iusiurandam¹
515 2028 596 2092 atque
617 2021 670 2076 hoc
692 2029 815 2092 tempore
836 2018 989 2092 periculosa
1009 2028 1051 2075 est
1078 2020 1148 2075 actio

265 2177 285 2246 1)
298 2178 345 2229 Sic
358 2195 427 2228 nanc
441 2179 497 2236 edo,
512 2178 573 2241 quia
587 2177 635 2226 boc
645 2179 766 2239 proxime
779 2178 815 2226 ad
826 2176 917 2227 Gdscb.
931 2175 1024 2226 Sched.
1040 2178 1151 2240 speciem

191 2250 316 2300 accedere
330 2256 354 2297 et
368 2263 448 2312 neque
467 2248 494 2296 V
495 2243 515 2279 ⁸²
529 2262 609 2312 neque
623 2245 712 2310 Suppl.
727 2245 764 2297 St.
776 2263 803 2310 p.
822 2247 960 2296 XXXIII
970 2246 1080 2312 (tantam
1096 2248 1150 2297 lalsi

193 2317 361 2368 ‘sacramenti
379 2315 471 2367 causo’
492 2325 517 2367 et
539 2314 685 2368 lalsi‘dt'ct's’
706 2319 782 2367 initio
800 2334 823 2366 a.
838 2329 864 2369 19
882 2315 1036 2382 vetantibus)
1056 2319 1149 2367 adoer-

192 2407 250 2456 sari
259 2406 369 2465 videtur,
383 2407 408 2454 si
415 2407 539 2470 scriptum
546 2406 631 2469 fuisse
637 2407 730 2469 ponis:
743 2386 835 2469 falsiloe⁰1
850 2408 881 2469 pp
897 2401 914 2451 H
928 2421 1073 2469 quanquam
1083 2405 1150 2455 idem

189 2478 248 2541 fere
262 2490 352 2525 sensas
361 2483 386 2525 et
395 2477 472 2526 aliter
481 2492 621 2540 eacpressas
630 2492 685 2527 esse
695 2477 788 2540 potuit,
802 2479 870 2525 velat
879 2477 947 2540 qaod
952 2491 1002 2539 per
1011 2491 1039 2525 ee
1048 2484 1148 2540 specta·

193 2556 244 2597 tum
257 2548 367 2596 maxime
378 2550 479 2610 placet:
494 2544 559 2596 ‘lalsi
573 2545 792 2615 i(art's)i(araradtl
805 2543 965 2612 c(oo)oictis’
976 2549 1025 2606 ael,
1039 2554 1067 2596 at
1076 2548 1116 2596 ed.
1127 2557 1148 2596 9.

191 2619 349 2681 scripseram
359 2614 423 2666 ‘lalsi
433 2616 653 2685 i(aris)i(ararrdi)
665 2613 808 2681 nom(ine)’,
822 2616 866 2665 abi
876 2618 976 2666 notaui:
992 2616 1072 2667 Gaius
1082 2619 1149 2666 enim

192 2703 272 2753 neque
291 2690 392 2738 omnino
410 2696 598 2738 sacramentum
615 2689 679 2752 quid
691 2694 768 2745 esset,
783 2701 834 2736 noo
848 2689 995 2753 explicare,
1010 2703 1090 2751 neque
1105 2704 1148 2736 oe·

190 2761 287 2825 gotiam
302 2761 330 2808 ire
343 2760 393 2809 bac
407 2761 508 2809 actione
518 2761 664 2822 periculam
679 2772 779 2817 creans,
794 2758 838 2806 cui
851 2772 886 2806 eac
899 2759 942 2806 sai
955 2760 1077 2821 temporis
1090 2759 1149 2807 iore

191 2831 352 2895 sponsionem
366 2837 507 2894 comparat,
522 2843 573 2878 non
586 2830 764 2878 demonstrare
773 2829 867 2891 potuit.
896 2828 935 2877 De
953 2842 983 2876 re
997 2829 1032 2891 cs.
1050 2828 1101 2878 Cic.
1117 2829 1149 2877 de

192 2902 236 2965 off.
251 2912 272 2963 9,
286 2912 319 2952 99.
339 2902 362 2962 ξ.
378 2911 417 2951 199
431 2907 455 2949 et
469 2901 569 2949 omnino
580 2898 654 2948 Dana
668 2901 715 2948 der
723 2900 827 2948 sacrate
837 2897 941 2956 Sobata,
955 2900 1065 2947 maxime
1075 2914 1104 2962 p.
1114 2910 1149 2950 99.

192 2979 216 3020 et
230 2987 252 3021 c.
267 2983 287 3021 9.
303 2978 327 3020 et
341 2970 399 3020 libr.
415 2985 493 3019 meum
506 2970 567 3028 „die
582 2972 661 3019 multa
676 2986 700 3018 a.
715 2971 740 3019 d.
754 2974 883 3018 sacram.“
895 2984 922 3030 p.
937 2980 985 3021 999.

262 3106 288 3179 5.
304 3113 345 3161 10.
367 3109 404 3172 Os.
420 3111 460 3171 99.
474 3119 508 3160 99.
523 3120 557 3160 99.
620 3105 645 3178 5.
663 3111 704 3159 11.
725 3110 763 3173 Of.
779 3108 810 3157 L.
821 3121 841 3160 9.
856 3111 879 3171 9.
889 3121 910 3162 9.
926 3108 957 3158 D.
971 3108 1003 3159 de
1017 3111 1082 3174 orig.
1097 3111 1149 3160 tur.

192 3181 224 3248 (1,
234 3183 265 3245 9).
290 3180 369 3229 Varr.
380 3181 411 3229 de
421 3180 452 3228 L.
464 3179 495 3228 L.
506 3191 527 3241 9,
537 3191 570 3231 91.
590 3180 619 3228 de
631 3181 718 3230 ultibus
733 3177 812 3247 suco]
823 3180 858 3242 cs.
871 3179 940 3229 Plio.
952 3178 983 3227 N.
994 3179 1029 3228 H.
1040 3191 1074 3242 14,
1085 3193 1097 3230 1
1103 3195 1150 3243 pr.

191 3253 224 3300 L.
239 3264 273 3302 99.
288 3253 312 3312 ξ.
326 3262 347 3302 9.
371 3250 403 3298 Ι).
418 3251 450 3299 de
464 3252 573 3299 iuretur.
587 3248 640 3314 (99,
655 3248 686 3314 9).
714 3250 761 3299 lli.
777 3249 809 3299 D.
825 3249 959 3314 ardfert.
975 3264 1042 3299 caea.
1057 3248 1102 3315 (49,
1118 3249 1150 3315 9).

192 3318 218 3388 ξ.
235 3324 276 3370 12.
295 3317 409 3388 sacrem]
426 3322 465 3382 ἓξ.
481 3332 575 3372 19-19,
595 3336 618 3384 p.
635 3321 683 3369 iud.
697 3317 773 3388 post]
790 3322 845 3369 eius
858 3321 987 3384 copositio
998 3322 1087 3383 periit.
1108 3335 1152 3384 per

193 3387 308 3456 condiet]
328 3392 482 3452 §§.1e-ao.
511 3405 555 3453 per
572 3405 635 3441 man.
655 3389 708 3458 ini]
733 3393 771 3453 §5-
791 3402 895 3443 91-99.
923 3405 967 3455 per
989 3392 1053 3454 pign.
1073 3388 1150 3459 capt]

193 3460 232 3520 βξ.
247 3469 343 3509 99-99.
415 3456 440 3527 ξ,
457 3463 499 3511 13.
520 3461 558 3523 Cf.
569 3462 642 3523 infra
657 3463 695 3524 ἓξ.
709 3473 756 3512 191.
771 3473 816 3513 199.
837 3462 903 3511 Fert.
914 3478 936 3512 υ.
946 3461 1151 3521 Sacramentum,

192 3526 360 3576 Sacramenta
377 3543 403 3590 p.
422 3541 469 3580 911.
498 3529 586 3579 Varro
600 3532 632 3580 de
646 3532 677 3579 L.
692 3531 724 3580 L.
739 3542 764 3594 5,
778 3542 812 3582 99.
832 3532 855 3594 ξ.
871 3543 917 3583 199.
937 3544 958 3594 9,
973 3544 993 3584 9.
1013 3534 1036 3595 ἓ.
1051 3545 1085 3585 94.
1106 3533 1150 3587 dr.
