2609 3942
585 255 675 294 sarrs.
1050 236 1111 301 165

153 389 271 443 Boethio
290 388 320 441 in
339 386 395 446 (lic,
408 388 478 456 Tap.
491 405 520 456 p.
534 392 584 441 303
597 388 728 454 constat),
747 388 842 441 tamen
860 403 929 455 quas
941 386 1110 442 Veronensis

103 459 146 512 [9⁸]
153 457 242 511 codex
259 456 397 525 praestat,
414 454 518 532 partim
535 453 728 523 ineptissimae
743 456 816 510 sunt.
839 454 931 519 Quid?
950 454 1026 523 quod
1038 453 1109 509 adeo

154 525 213 578 eius
225 523 278 577 sori
299 523 474 591 tor*)st1pes
489 521 552 587 fuit,
571 522 604 574 ut
620 536 677 574 nou
694 520 778 574 modo
791 520 914 575 Graecae
931 522 1109 576 litteraturae

152 590 262 645 nescius
294 588 704 668 raecaomniavelpraetcriret
712 587 758 641 vel
766 588 981 666 litterisLatinis
990 589 1111 666 reddens

153 654 1110 803 ttuatttutttaattua{sustentaturum}

152 791 257 852 rudiori,
274 792 325 845 ubr
336 791 449 844 rubnca
461 790 603 846 desineret
614 791 644 843 et
655 806 728 844 nova
739 790 829 844 oratio
841 789 987 857 rumperet,
1002 804 1110 858 expers,

152 858 229 912 haud
240 875 304 913 raro
317 875 380 912 cum
389 859 503 913 rubrica
512 858 545 927 (si
553 857 637 911 modo
646 857 760 911 rubrica
769 857 840 924 erat)
850 856 937 910 etiam
946 857 1067 925 partem,
1078 858 1110 909 ut

152 927 303 994 plurimum
316 926 587 996 integrumrersum,
600 925 667 980 noui
676 924 788 979 articuli
797 925 942 979 omitteret
961 923 1026 978 vide
1036 931 1058 988 1,
1068 928 1109 981 56.

153 999 193 1050 68.
204 999 346 1052 tendat.
358 1000 415 1048 108.
433 1000 457 1060 2,
471 999 544 1048 1.9t.
563 999 588 1058 3,
598 997 690 1047 85.88.
702 999 759 1049 139.
774 997 830 1045 162.
848 997 873 1056 4,
889 995 931 1059 1.).
983 1007 1015 1045 ee
1026 991 1109 1044 facile

153 1060 207 1114 nisi
218 1061 339 1115 barbara
348 1062 442 1116 aetate
453 1076 509 1114 non
522 1059 710 1114 animadverti
720 1060 834 1137 poterat
844 1058 952 1122 folium,
970 1060 1046 1125 quod
1059 1058 1109 1111 ali·

154 1129 267 1196 quando
278 1127 429 1195 exciderat,
448 1127 540 1182 alieno
557 1128 618 1181 loco
631 1142 649 1181 a
664 1126 790 1204 bibhope
843 1127 1014 1186 restitutum,
1033 1124 1110 1204 quod

154 1195 257 1250 accidit
268 1195 414 1264 (quiequid
430 1194 604 1250 contradicat
614 1144 827 1263 Bocckingruiti
840 1209 875 1246 ex
886 1193 1064 1248 Heimbachri
1081 1195 1110 1247 et

153 1278 218 1317 mea
229 1263 371 1316 sententia
381 1268 405 1328 a,
417 1269 535 1328 tta-ta,
547 1264 580 1316 ut
591 1261 682 1315 simile
694 1261 795 1314 vitium
805 1262 916 1314 taceam
929 1259 966 1313 ad
977 1267 1003 1326 3,
1014 1264 1070 1318 138,
1093 1276 1111 1313 a

154 1345 199 1384 me
211 1330 374 1383 iudicatum.
398 1329 479 1396 Quid,
496 1329 571 1398 quod
583 1332 612 1382 et
628 1331 704 1382 totas
715 1328 869 1381 sententias
885 1326 1029 1403 interdum
1041 1327 1110 1403 omi·

154 1396 200 1463 sit,
217 1397 297 1450 velut
317 1401 367 1460 te
385 1398 415 1451 et
425 1398 492 1451 ante
507 1403 546 1451 18.
566 1402 590 1460 2,
603 1401 661 1450 269.
689 1395 755 1449 Noli
766 1410 834 1448 vero
847 1410 965 1462 opinari,
985 1409 1110 1447 nmmum

153 1462 254 1517 horum
262 1463 395 1517 vitiorum
403 1463 495 1532 ipsum
505 1462 608 1519 codicis
613 1462 782 1516 Veronensis
791 1462 957 1529 scriptorem
966 1463 1110 1515 auctorem

152 1530 247 1584 fuisse.
269 1530 302 1582 In
314 1530 386 1584 libro
398 1531 482 1585 toties
490 1531 610 1584 maxime
632 1546 668 1584 ue
677 1531 819 1595 iuvenum,
833 1527 881 1596 qui
892 1527 974 1582 facile
987 1529 1109 1598 decipie-

155 1598 265 1660 bantur,
277 1598 308 1648 in
319 1612 401 1648 usum
413 1596 552 1673 descripto
564 1597 619 1651 hau
651 1612 743 1665 pauca
753 1596 812 1650 sine
825 1595 910 1649 dubio
923 1595 1110 1664 antiquiorem

152 1662 315 1716 habueruut
324 1662 491 1728 originemz²
502 1663 532 1714 1d
541 1662 616 1730 quod
623 1663 824 1731 circumspecto
833 1661 930 1716 critico
939 1662 969 1715 iu
978 1664 1021 1715 his
1029 1678 1109 1731 prae·

154 1729 253 1784 sertim
264 1725 420 1779 notandum
432 1729 484 1789 est,
497 1742 570 1794 quae
582 1727 734 1793 aliquando
743 1728 907 1782 exciderunt
918 1729 948 1780 et
959 1729 996 1780 ad
1007 1729 1109 1797 margi-

152 1812 220 1852 nem
231 1793 368 1848 librorum
380 1793 452 1847 alius
467 1795 541 1847 t'crte
553 1793 660 1846 formae
672 1793 887 1859 longiorumque
900 1809 1033 1846 uersuum
1045 1812 1110 1863 sup·

152 1864 233 1934 pieta
243 1863 344 1932 postea
354 1859 447 1914 alieno
458 1861 520 1914 loco
533 1861 665 1913 restituta
676 1860 741 1911 sunt
749 1858 795 1912 vel
808 1859 959 1926 perierunt.
969 1860 1112 1916 -Habuit

153 1930 241 1985 codex
259 1927 341 1982 initio
354 1933 403 1982 129
421 1928 490 1982 folia
500 1928 607 1982 formae
619 1925 773 1994 quadratae
786 1924 905 1988 mediae,
922 1943 1028 2048 ffigema
1041 1944 1110 1997 qua·

989 2010 1034 2048 ras
1046 2010 1112 2048 con·

153 1992 907 2142 tttntt‘uaqattttattttttttttttlt
924 2060 1111 2140 tutamen

153 2132 234 2185 initio
257 2132 288 2184 et
308 2130 364 2184 fine
387 2145 492 2200 operis,
517 2132 546 2184 et
568 2130 599 2183 ut
624 2146 711 2182 unum
733 2144 834 2205 eorum·
852 2145 925 2196 quae
949 2131 1112 2185 contrabat

154 2198 252 2253 saltem
270 2213 304 2251 ex
342 2197 402 2275 arte
420 2198 534 2251 aliunde
546 2196 642 2274 sercin
660 2202 773 2266 possent
785 2196 843 2264 (lib.
856 2196 906 2274 lli.
920 2197 1003 2264 init).
1018 2198 1113 2275 'Quae

154 2265 304 2334 supersunt
321 2215 406 2328 ioha,
429 2265 542 2318 turbato
565 2262 663 2317 ordine
686 2263 836 2330 deletaque
859 2280 952 2332 prrore
973 2270 1111 2334 scriptura

153 2346 227 2383 novo
245 2329 334 2407 codici
350 2330 492 2385 variorum
510 2331 675 2399 Hieronymi
693 2346 809 2449 operum
830 2330 959 2384 faciendo
976 2331 1108 2387 inservie-

153 2398 232 2461 runt,
257 2398 299 2450 rta
320 2399 353 2451 ut
373 2399 469 2465 paucis
492 2398 617 2467 exceptis
639 2413 740 2461 seme,
767 2398 878 2452 circiter
904 2399 1022 2466 quartae
1045 2415 1110 2454 vero

153 2463 284 2518 foliorum
301 2465 377 2533 parti
394 2465 464 2520 adeo
481 2465 525 2518 bis
536 2481 610 2519 nova
621 2466 759 2534 scriptura
775 2464 975 2532 imponeretur.
1002 2464 1110 2520 Lectio·

153 2547 218 2586 nem
240 2533 388 2600 praeterea
414 2534 560 2600 trequente
584 2531 719 2599 siglarum
742 2533 800 2584 sive
822 2533 953 2585 notarum
978 2549 1031 2587 usu
1058 2535 1109 2587 im·

122 2608 124 2611 '
152 2599 642 2668 pedieuteexearumgenere,quae
653 2597 1110 2667 anteIustinianuminusufuerc,

153 2757 251 2819 siugulis
265 2755 372 2805 materiis
387 2756 495 2819 inscripti
510 2763 603 2817 esseut,
622 2755 686 2804 idem
701 2755 811 2818 contigit,
830 2756 971 2819 tandemque
985 2757 1072 2807 Alarici
1087 2766 1111 2808 et

153 2827 276 2876 lastiniani
290 2832 376 2888 aetate,
395 2826 435 2889 qui
449 2826 521 2874 etiam
534 2827 607 2875 totins
622 2826 681 2874 iuris
695 2826 772 2874 civilis
787 2826 903 2874 enucleati
918 2827 1025 2877 codicem
1040 2829 1110 2890 Dige-

153 2904 244 2946 storum
258 2897 289 2945 ad
303 2896 406 2945 edictum
420 2903 541 2959 spectante
555 2897 649 2946 nomine
664 2896 803 2959 appellavit,
822 2909 851 2944 eo
865 2905 1003 2960 perventum
1017 2905 1066 2961 est,
1085 2906 1111 2946 ut

154 2969 189 3017 vel
204 2966 361 3017 scholasticae
375 2967 538 3016 Institutioues
556 2968 585 3016 ab
604 2968 657 3030 ipso
672 2973 769 3015 auctore
787 2981 831 3029 per
849 2972 924 3015 totum
939 2967 1013 3016 titulis
1028 2968 1111 3015 distri·

132 3050 138 3067 ·
153 3038 294 3099 buerentur,
313 3051 387 3100 eaque
401 3037 524 3086 honestior
538 3038 664 3101 appellatio
679 3043 762 3099 postea
776 3034 843 3102 (licet
857 3037 961 3086 noudum
974 3038 999 3085 in
1014 3037 1110 3085 Floren-

155 3108 202 3156 tino
216 3107 268 3169 Dig.
283 3108 377 3172 codice)
391 3108 541 3157 librariorum
555 3108 663 3157 rubricas
678 3107 813 3171 expelleret.
863 3104 890 3172 *)
905 3108 1034 3169 Utrumque
1048 3121 1111 3157 nuuc

154 3179 295 3241 scriptorem
309 3178 371 3229 dico.
390 3194 445 3228 uam
459 3179 518 3227 duos
532 3179 643 3228 librarios
657 3185 753 3240 praeter
762 3184 924 3227 conecterem
934 3178 958 3225 in
967 3178 1012 3226 hoc
1027 3177 1110 3227 codice

154 3255 282 3311 occupatos
301 3249 387 3312 luisse,
406 3249 581 3298 Studemnndus
600 3248 764 3312 deprehendit.
852 3243 872 3309 1)
888 3247 935 3296 Sed
955 3248 1002 3296 iam
1016 3248 1110 3298 veritati

154 3319 274 3367 concessit
296 3319 333 3368 ed.
356 3329 376 3370 a.
423 3321 513 3370 Rursus
536 3327 614 3369 tamen
637 3318 743 3381 priorem
766 3317 817 3365 eius
841 3317 977 3379 opinionem
1005 3321 1112 3382 suscepit

155 3387 197 3437 Tb.
208 3388 367 3439 Mommsenns
381 3390 452 3454 epist.
468 3392 520 3439 crit.
536 3390 667 3452 praemissa
683 3387 720 3435 ed.
732 3385 799 3435 Stud.
855 3382 877 3450 ²)
897 3387 974 3437 Etiam
989 3403 1016 3438 ea
1031 3404 1111 3438 erem·

154 3457 237 3521 pluria,
251 3459 336 3522 quibus
346 3460 469 3510 iustiniani
483 3461 523 3524 qui
538 3463 722 3523 composnerunt
736 3456 896 3506 institutiones
911 3460 948 3508 usi
962 3467 1024 3523 suat,
1039 3474 1112 3523 quae·

155 3528 209 3577 dam
222 3529 334 3578 babuisse
348 3532 432 3580 menda
447 3546 501 3580 cnm
510 3530 595 3579 Veron.
607 3528 632 3578 C.
647 3527 789 3590 communia,
803 3528 882 3577 notavi
896 3530 926 3579 ad
940 3542 960 3593 a,
975 3542 1008 3582 aa.
1028 3542 1049 3592 a,
1064 3541 1111 3581 ree.

154 3610 201 3651 arr.
220 3611 289 3661 aas.
309 3601 355 3653 vid.
376 3603 447 3652 etiam
466 3613 487 3664 a,
507 3613 540 3652 as.
561 3612 593 3652 aa.
614 3612 661 3650 112.
