2609 3942
214 197 279 262 264
504 212 563 247 ean
578 211 673 246 merra.
690 192 724 246 IL
743 199 882 246 tio-147.

216 355 366 426 rumpitur;
381 370 432 409 nec
445 354 568 422 interest,
583 366 617 407 an
627 351 747 406 extiterit
761 351 857 424 aliquis
872 350 1052 420 excoleres,
1067 368 1101 407 an
1116 368 1172 409 non

216 439 349 494 extiterit:
365 439 417 493 hoc
428 437 498 492 enim
508 435 597 491 solum
606 443 754 508 spectatur,
769 451 802 490 an
817 435 933 489 existere
943 436 1081 507 potuerit:
1096 436 1172 493 ideo·

216 538 271 595 quc
283 513 355 598 (tum
365 513 506 595 quoque)¹
520 520 544 575 si
557 519 619 592 quis
636 534 669 574 ea
680 520 832 591 posteriorc
844 525 1017 582 testamento,
1028 519 1103 591 quod
1113 522 1172 575 iure

215 604 315 661 lactum
329 616 381 675 est,
396 614 442 659 aut
456 603 576 659 noluerit
585 603 665 657 heres
676 617 747 671 esse,
762 610 808 658 aut
817 604 882 657 uiuo
896 609 1040 671 testatore,
1051 612 1098 658 ant
1108 613 1173 677 post

216 696 331 744 mortem
345 691 415 758 eius,
429 694 571 759 autequam
585 685 761 742 hereditatem
775 686 872 756 adiret,
887 685 1044 756 decesserit,
1059 697 1107 743 aut
1122 705 1172 761 per

216 774 367 828 cretionem
386 770 512 827 exclusus
532 770 625 839 luerit,
645 779 694 824 ant
708 770 875 837 condicione,
894 767 945 823 sub
960 769 1108 843 quoheres
1130 773 1170 828 in-

215 857 328 911 stitutus
343 864 395 923 cat,
410 853 532 909 delectus
547 855 592 922 sit,
611 861 658 908 aut
672 862 785 926 propter
799 852 963 909 coelibatum
979 869 1011 909 er
1026 853 1089 927 lege
1104 855 1170 911 lulia

215 947 367 994 summotus
383 938 465 993 luerit
475 936 508 992 ab
521 936 682 993 hereditate:
697 935 795 1009 quibus
807 936 912 992 casibus
922 936 1116 1011 paterfamilias
1130 941 1170 994 in-

214 1030 331 1078 testatus
346 1024 474 1077 moritur:
489 1036 550 1076 nam
561 1028 589 1076 et
600 1022 675 1093 prius
689 1026 880 1076 testamentum
894 1037 949 1076 non
964 1020 1047 1091 ualet,
1059 1032 1171 1096 ruptum

216 1122 230 1161 a
242 1107 406 1178 posteriorc,
421 1113 449 1159 et
462 1105 600 1177 posterius
614 1119 701 1177 aeque
715 1103 802 1159 nullas
818 1106 891 1160 uires
907 1103 997 1173 hahet,
1013 1121 1076 1161 cum
1090 1123 1123 1161 ex
1137 1123 1170 1162 co

214 1205 296 1244 nemo
312 1189 391 1245 lieres
408 1189 535 1245 extiterit
561 1185 625 1244 145.
642 1188 702 1242 lilio
718 1188 920 1261 quoquomodo
940 1197 1102 1245 testamenta
1111 1192 1171 1246 iure

214 1271 286 1329 lacta
304 1270 490 1340 infirmantur,
511 1271 589 1328 uelut
606 1263 716 1346 ’(αιηι)2
736 1272 775 1341 is,
798 1273 844 1344 qui
859 1271 954 1327 lecerit
969 1280 1170 1344 testamentum,

216 1359 304 1430 capite
318 1356 465 1413 diminutus
480 1348 562 1424 'slt;³
576 1356 651 1427 quod
661 1353 758 1427 qulbus
769 1355 855 1410 modis
867 1355 979 1426 accidat,
993 1357 1082 1430 primo
1097 1374 1172 1413 com·

136 1481 142 1494 .
164 1439 206 1487 91.
217 1441 349 1496 montorio
364 1440 479 1496 relatum
493 1449 544 1496 est.
575 1434 640 1496 146.
657 1438 715 1494 Hoc
729 1446 818 1494 autem
833 1455 896 1494 casu
910 1432 999 1518 iulrita
1015 1438 1073 1497 lieri
1089 1450 1170 1497 testa·

215 1534 304 1579 menta
317 1523 447 1593 dicemus,
462 1540 524 1579 cum
538 1522 658 1596 alioquin
673 1530 700 1577 et
717 1538 787 1594 quac
801 1532 974 1596 rumpuntur,
993 1524 1074 1581 inrita
1093 1524 1170 1597 liant,

215 1604 253 1683 (et
267 1623 344 1679 quae
357 1611 453 1664 metim
466 1608 503 1664 ab
517 1610 596 1664 initio
616 1623 675 1663 non
693 1610 758 1662 iure
770 1608 859 1677 fiunt,
879 1610 968 1663 inrito
987 1610 1058 1672 sint3
1078 1611 1131 1666 sed
1143 1615 1172 1666 ei

214 1708 258 1763 eo,
274 1707 351 1764 quoe
364 1694 428 1747 iure
444 1691 613 1763 factasunt
632 1698 660 1746 et
677 1696 778 1761 posteo
796 1696 919 1762 propter
932 1694 1037 1762 eapitis
1050 1694 1170 1752 diminu-

214 1779 316 1832 tionem
329 1779 418 1832 inritc
432 1775 527 1847 fiunt)
547 1783 664 1849 possunt
678 1774 851 1830 nihilominus
865 1783 945 1847 rupta
960 1775 1027 1832 dici:
1042 1777 1090 1831 scd
1107 1780 1171 1850 qnia

215 1876 278 1915 sane
293 1859 462 1916 commodius
476 1868 535 1916 erat
556 1858 677 1932 singulas
692 1874 785 1913 causas
805 1857 922 1931 singuiis
944 1858 1172 1932 appellationibus

213 1942 355 2017 distingui,
369 1943 431 1999 ideo
447 1942 577 2016 quaedam
592 1959 647 1997 non
663 1943 722 1996 iure
738 1939 795 1997 fleri
806 1940 944 2013 dicuutur,
960 1942 1096 2016 quaedam
1110 1946 1172 2001 iure

212 2024 622 2101 mmmmmdmmmm

276 2107 339 2168 14⁷.
361 2110 420 2164 Non
442 2118 531 2165 tamen
552 2125 602 2182 per
623 2109 712 2163 omnia
732 2108 836 2164 inutilia
857 2118 922 2165 sunt
944 2126 975 2166 ea
997 2117 1169 2184 testamenta,
1187 2115 1243 2168 [¹²⁸1

213 2210 282 2268 quae
304 2193 347 2248 uel
368 2191 400 2248 ab
419 2194 497 2248 initio
517 2209 573 2248 non
590 2194 650 2248 iure
669 2190 833 2262 factasunt,
854 2192 899 2248 uel
916 2195 975 2249 iure
991 2193 1171 2268 lacta-postea

212 2279 292 2333 inrita
308 2276 377 2333 lacta
391 2283 443 2331 out
457 2282 536 2348 rupta
551 2284 626 2331 sunt:
650 2292 711 2332 nom
726 2277 750 2330 si
764 2283 868 2348 septem
889 2278 999 2334 testium
1013 2280 1099 2353 siguis
1113 2281 1171 2354 sig·

213 2369 275 2416 nata
289 2361 343 2416 sint
363 2367 533 2430 testamenta,
553 2367 647 2433 potest
661 2362 779 2433 scriptus
800 2360 880 2417 heres
901 2360 1049 2418 secundum
1063 2362 1171 2419 tabulas

212 2444 346 2500 honorum
361 2444 560 2517 possessionem
575 2451 683 2517 petere,
703 2443 726 2499 si
746 2443 826 2500 modo
846 2444 990 2501 delunetus
1006 2454 1121 2502 testator
1142 2455 1172 2503 et

213 2528 281 2583 ciuis
295 2527 430 2583 liornanus
448 2534 476 2583 et
489 2544 559 2584 suae
573 2529 718 2600 potcstatis
732 2528 828 2582 mortis
849 2535 971 2601 tempore
986 2528 1082 2585 inerit:
1108 2546 1169 2586 nam

212 2613 236 2667 si
250 2611 312 2667 ideo
327 2613 437 2667 inritum
451 2611 560 2668 'iactum
575 2606 631 2668 sit4
646 2619 848 2681 testamentum,
864 2611 937 2685 quod
953 2621 1017 2685 puta
1032 2614 1172 2670 ciuitatem

212 2737 424 2744 ——-—.-.--

285 2794 305 2864 ¹)
320 2797 393 2847 Haeo
413 2799 438 2847 ai
457 2804 549 2846 contra
567 2796 631 2845 Inat.
645 2798 766 2859 supplere
783 2798 862 2855 nolis,
885 2813 941 2846 oum
959 2799 994 2847 iis
1007 2806 1100 2861 postea
1116 2814 1172 2862 pro

211 2869 297 2932 quihus
311 2869 407 2918 casibus
420 2866 584 2917 scribendum
596 2868 649 2915 erit
662 2867 686 2914 in
700 2867 738 2914 liis
752 2866 855 2915 casibus.
922 2862 944 2932 ²)
958 2866 1004 2916 Ea·
1017 2867 1081 2918 Inst.
1098 2866 1168 2936 ‘(sa)'

211 2940 251 2989 ed.
265 2938 313 3005 Bp.
369 2935 392 3004 ⁸)
402 2938 484 3001 fuerit
497 2938 537 2986 ed.
551 2935 600 3001 Bp.
627 2934 701 2996 Quod
709 2937 736 2986 in
748 2935 774 2985 0.
788 2943 865 2986 antea
874 2938 970 3002 legitur
979 2946 993 2986 a
1002 2939 1118 3003 sortasse
1132 2946 1173 2989 est

209 3013 224 3061 ἔ
239 3007 314 3076 (cum)
326 3010 473 3075 fugitiuum,
488 3007 557 3071 quod
569 3013 628 3055 onte
646 3007 754 3056 excidit.
822 3004 844 3072 ⁴)
858 3007 903 3055 Bor
919 3007 1010 3058 cosei.
1021 3011 1054 3071 ci.
1069 3010 1096 3058 lit
1109 3010 1170 3058 edd.

212 3186 301 3237 Cottae.
317 3197 350 3250 16,
364 3197 385 3237 a.
407 3186 431 3246 ξ.
445 3195 466 3233 1.
481 3197 524 3246 per
538 3179 680 3248 cretionem]
696 3182 730 3246 cs.
745 3192 766 3243 2,
781 3193 820 3233 1eo
833 3197 884 3247 aeq.
904 3183 997 3244 exlege
1012 3180 1081 3249 lolia]
1097 3184 1133 3246 cf.
1148 3196 1172 3247 2,

211 3268 314 3308 ureae.
379 3250 404 3323 ξ.
417 3254 475 3304 145.
487 3254 585 3315 nte
605 3245 732 3302 Latinio
754 3251 792 3315 Of.
807 3252 906 3316 rupee,
920 3264 941 3303 c
961 3252 1031 3316 Epit.
1044 3265 1097 3315 ne.
1112 3256 1171 3315 §.n

213 3327 302 3376 (tollat.
317 3328 334 3378 l.
347 3342 369 3376 c.
384 3326 462 3390 primo
476 3321 574 3388 comm]
589 3325 629 3385 §5-
644 3333 684 3374 159
697 3336 748 3385 aeq.
821 3318 846 3391 ξ.
863 3325 922 3374 146.
933 3345 966 3366 ε-
977 3325 1000 3385 5.
1012 3321 1075 3388 1(4).
1094 3322 1171 3373 teat.

211 3399 254 3446 eit.
275 3397 314 3460 Cf.
331 3396 419 3446 Oottat.
435 3405 469 3454 aa,
483 3405 504 3445 a.
519 3396 541 3456 ς.
557 3405 577 3444 a.
645 3388 865 3461 §.147.=§.e.
884 3393 1015 3444 1111011.
1037 3393 1110 3457 0115.
1122 3405 1174 3445 uc.

215 3466 270 3528 Uip.
280 3476 315 3527 18,
329 3478 349 3518 e.
364 3476 398 3527 2³,
411 3478 432 3515 a.
455 3464 506 3514 Oic.
524 3463 584 3528 Top.
594 3475 615 3513 4.
635 3465 659 3525 ξ.
675 3474 708 3513 18.
727 3461 816 3512 Boetli.
830 3464 867 3512 ad
877 3462 902 3516 lt.
913 3465 929 3512 l.
936 3480 964 3528 p.
975 3475 1015 3515 toa
1028 3462 1098 3515 Bait.
1115 3465 1172 3514 Cic.

215 3536 453 3599 mmennm
