<?xml version="1.0" encoding="UTF-8"?>
<!DOCTYPE html PUBLIC "-//W3C//DTD XHTML 1.0 Transitional//EN"
    "http://www.w3.org/TR/xhtml1/DTD/xhtml1-transitional.dtd">
<html xmlns="http://www.w3.org/1999/xhtml" xml:lang="en" lang="en">
 <head>
  <title>
</title>
<meta http-equiv="Content-Type" content="text/html;charset=utf-8" />
  <meta name='ocr-system' content='tesseract 3.04.00' />
  <meta name='ocr-capabilities' content='ocr_page ocr_carea ocr_par ocr_line ocrx_word'/>
</head>
<body>
  <div class='ocr_page' id='page_1' title='image "./gaiiinstitution01kbgoog_0151.png"; bbox 0 0 2609 3942; ppageno 0'>
   <div class='ocr_carea' id='block_1_1' title="bbox 427 152 1093 220">
    <p class='ocr_par' dir='ltr' id='par_1_1' title="bbox 427 152 1093 220">
     <span class='ocr_line' id='line_1_1' title="bbox 427 152 1093 220; baseline 0.015 -15"><span class='ocrx_word' id='word_1_1' title='bbox 427 168 488 205; x_wconf 72' lang='lat' dir='ltr'><strong><em>eon</em></strong></span> <span class='ocrx_word' id='word_1_2' title='bbox 506 170 607 206; x_wconf 71' lang='lat' dir='ltr'><strong><em>niens.</em></strong></span> <span class='ocrx_word' id='word_1_3' title='bbox 626 152 676 206; x_wconf 90' lang='grc' dir='ltr'><strong>ΙΙΙ.</strong></span> <span class='ocrx_word' id='word_1_4' title='bbox 694 159 812 210; x_wconf 72' lang='grc'>32-33·.</span> <span class='ocrx_word' id='word_1_5' title='bbox 1033 156 1093 220; x_wconf 80' lang='grc'><strong><em>291</em></strong></span> 
     </span>
    </p>
   </div>
   <div class='ocr_carea' id='block_1_2' title="bbox 135 303 1163 1308">
    <p class='ocr_par' dir='ltr' id='par_1_2' title="bbox 136 303 1163 800">
     <span class='ocr_line' id='line_1_2' title="bbox 201 303 1163 388; baseline 0.006 -24"><span class='ocrx_word' id='word_1_6' title='bbox 201 303 250 367; x_wconf 73' lang='lat'><strong><em>82.</em></strong></span> <span class='ocrx_word' id='word_1_7' title='bbox 262 306 335 375; x_wconf 82' lang='lat' dir='ltr'><strong><em>Quos</em></strong></span> <span class='ocrx_word' id='word_1_8' title='bbox 346 315 435 365; x_wconf 83' lang='lat' dir='ltr'><strong><em>autem</em></strong></span> <span class='ocrx_word' id='word_1_9' title='bbox 447 303 452 386; x_wconf 71' lang='grc' dir='ltr'>Ι</span> <span class='ocrx_word' id='word_1_10' title='bbox 465 316 574 383; x_wconf 83' lang='lat' dir='ltr'><strong><em>praetor</em></strong></span> <span class='ocrx_word' id='word_1_11' title='bbox 583 310 714 388; x_wconf 19' lang='lat' dir='ltr'><strong><em>&#39;uocetsad</em></strong></span> <span class='ocrx_word' id='word_1_12' title='bbox 730 311 916 384; x_wconf 77' lang='lat' dir='ltr'>hereditatem,</span> <span class='ocrx_word' id='word_1_13' title='bbox 934 313 961 368; x_wconf 86' lang='lat' dir='ltr'><strong><em>hl</em></strong></span> <span class='ocrx_word' id='word_1_14' title='bbox 981 313 1092 370; x_wconf 87' lang='lat' dir='ltr'><strong><em>heredes</em></strong></span> <span class='ocrx_word' id='word_1_15' title='bbox 1107 311 1163 362; x_wconf 78' lang='lat'><strong><em>132·</em></strong></span> 
     </span>
     <span class='ocr_line' id='line_1_3' title="bbox 137 392 1093 467; baseline 0.006 -19"><span class='ocrx_word' id='word_1_16' title='bbox 137 396 199 467; x_wconf 83' lang='lat' dir='ltr'><strong><em>ipso</em></strong></span> <span class='ocrx_word' id='word_1_17' title='bbox 214 392 322 465; x_wconf 87' lang='lat' dir='ltr'><strong><em>quidem</em></strong></span> <span class='ocrx_word' id='word_1_18' title='bbox 340 394 398 448; x_wconf 86' lang='lat' dir='ltr'><strong><em>iure</em></strong></span> <span class='ocrx_word' id='word_1_19' title='bbox 413 409 467 449; x_wconf 88' lang='lat' dir='ltr'><strong><em>non</em></strong></span> <span class='ocrx_word' id='word_1_20' title='bbox 484 393 565 450; x_wconf 82' lang='lat' dir='ltr'><strong><em>fiunt:</em></strong></span> <span class='ocrx_word' id='word_1_21' title='bbox 586 409 646 448; x_wconf 84' lang='lat' dir='ltr'><strong><em>nsrn</em></strong></span> <span class='ocrx_word' id='word_1_22' title='bbox 668 401 778 466; x_wconf 80' lang='lat' dir='ltr'><strong><em>praetor</em></strong></span> <span class='ocrx_word' id='word_1_23' title='bbox 797 393 910 450; x_wconf 85' lang='lat' dir='ltr'><strong><em>heredes</em></strong></span> <span class='ocrx_word' id='word_1_24' title='bbox 931 397 1018 452; x_wconf 83' lang='lat' dir='ltr'><strong><em>iacere</em></strong></span> <span class='ocrx_word' id='word_1_25' title='bbox 1039 414 1093 454; x_wconf 88' lang='lat' dir='ltr'><strong><em>non</em></strong></span> 
     </span>
     <span class='ocr_line' id='line_1_4' title="bbox 139 479 1093 551; baseline 0.004 -19"><span class='ocrx_word' id='word_1_26' title='bbox 139 483 247 551; x_wconf 86' lang='lat' dir='ltr'><strong><em>potesl;</em></strong></span> <span class='ocrx_word' id='word_1_27' title='bbox 259 492 315 547; x_wconf 90' lang='lat' dir='ltr'><strong><em>per</em></strong></span> <span class='ocrx_word' id='word_1_28' title='bbox 328 479 419 549; x_wconf 80' lang='lat' dir='ltr'><strong><em>lepem</em></strong></span> <span class='ocrx_word' id='word_1_29' title='bbox 436 482 510 533; x_wconf 89' lang='lat' dir='ltr'><strong><em>enim</em></strong></span> <span class='ocrx_word' id='word_1_30' title='bbox 524 484 635 534; x_wconf 86' lang='lat' dir='ltr'><strong><em>tantum</em></strong></span> <span class='ocrx_word' id='word_1_31' title='bbox 650 479 698 533; x_wconf 91' lang='lat' dir='ltr'><strong><em>uel</em></strong></span> <span class='ocrx_word' id='word_1_32' title='bbox 709 480 826 533; x_wconf 76' lang='lat' dir='ltr'><strong><em>similem</em></strong></span> <span class='ocrx_word' id='word_1_33' title='bbox 836 482 909 534; x_wconf 87' lang='lat' dir='ltr'><strong><em>iuris</em></strong></span> <span class='ocrx_word' id='word_1_34' title='bbox 921 485 1093 537; x_wconf 86' lang='lat' dir='ltr'><strong><em>constitutio·</em></strong></span> 
     </span>
     <span class='ocr_line' id='line_1_5' title="bbox 140 559 1093 635; baseline 0.003 -19"><span class='ocrx_word' id='word_1_35' title='bbox 140 576 205 616; x_wconf 92' lang='lat' dir='ltr'><strong><em>nem</em></strong></span> <span class='ocrx_word' id='word_1_36' title='bbox 219 559 340 616; x_wconf 81' lang='lat' dir='ltr'><strong><em>heredes</em></strong></span> <span class='ocrx_word' id='word_1_37' title='bbox 352 563 436 632; x_wconf 77' lang='lat' dir='ltr'><strong><em>fiunt,</em></strong></span> <span class='ocrx_word' id='word_1_38' title='bbox 451 561 528 617; x_wconf 87' lang='lat' dir='ltr'><strong><em>uelut</em></strong></span> <span class='ocrx_word' id='word_1_39' title='bbox 543 578 592 635; x_wconf 90' lang='lat' dir='ltr'><strong><em>per</em></strong></span> <span class='ocrx_word' id='word_1_40' title='bbox 613 569 722 616; x_wconf 79' lang='lat' dir='ltr'><strong><em>senatus</em></strong></span> <span class='ocrx_word' id='word_1_41' title='bbox 745 562 899 618; x_wconf 83' lang='lat' dir='ltr'><strong><em>consultum</em></strong></span> <span class='ocrx_word' id='word_1_42' title='bbox 918 571 945 618; x_wconf 88' lang='lat' dir='ltr'><strong><em>et</em></strong></span> <span class='ocrx_word' id='word_1_43' title='bbox 961 566 1093 619; x_wconf 83' lang='lat' dir='ltr'><strong><em>constitu·</em></strong></span> 
     </span>
     <span class='ocr_line' id='line_1_6' title="bbox 139 637 1094 718; baseline 0.002 -18"><span class='ocrx_word' id='word_1_44' title='bbox 139 645 239 700; x_wconf 86' lang='lat' dir='ltr'><strong><em>tionem</em></strong></span> <span class='ocrx_word' id='word_1_45' title='bbox 263 637 469 718; x_wconf 80' lang='lat' dir='ltr'><strong><em>principalemz¹</em></strong></span> <span class='ocrx_word' id='word_1_46' title='bbox 491 645 539 701; x_wconf 91' lang='lat' dir='ltr'><strong><em>sed</em></strong></span> <span class='ocrx_word' id='word_1_47' title='bbox 558 643 633 702; x_wconf 82' lang='lat' dir='ltr'><strong><em>&#39;cum</em></strong></span> <span class='ocrx_word' id='word_1_48' title='bbox 656 648 697 700; x_wconf 91' lang='lat' dir='ltr'><strong><em>eis</em></strong></span> <span class='ocrx_word' id='word_1_49' title='bbox 718 641 866 718; x_wconf 87' lang='lat' dir='ltr'><strong><em>(praetor)</em></strong></span> <span class='ocrx_word' id='word_1_50' title='bbox 886 645 936 701; x_wconf 90' lang='lat' dir='ltr'><strong><em>dat</em></strong></span> <span class='ocrx_word' id='word_1_51' title='bbox 958 647 1094 702; x_wconf 91' lang='lat' dir='ltr'><strong><em>bonorum</em></strong></span> 
     </span>
     <span class='ocr_line' id='line_1_7' title="bbox 136 722 833 800; baseline -0.003 -15"><span class='ocrx_word' id='word_1_52' title='bbox 136 722 376 800; x_wconf 82' lang='lat' dir='ltr'><strong><em>possessionem,²</em></strong></span> <span class='ocrx_word' id='word_1_53' title='bbox 391 728 452 785; x_wconf 88' lang='lat' dir='ltr'><strong><em>loeo</em></strong></span> <span class='ocrx_word' id='word_1_54' title='bbox 467 728 597 785; x_wconf 86' lang='lat' dir='ltr'><strong><em>heredum</em></strong></span> <span class='ocrx_word' id='word_1_55' title='bbox 613 730 833 785; x_wconf 87' lang='lat' dir='ltr'><strong><em>constituuntur.</em></strong></span> 
     </span>
    </p>

    <p class='ocr_par' dir='ltr' id='par_1_3' title="bbox 135 808 1095 1308">
     <span class='ocr_line' id='line_1_8' title="bbox 200 808 1095 887; baseline -0.001 -18"><span class='ocrx_word' id='word_1_56' title='bbox 200 808 250 869; x_wconf 77' lang='lat'><strong><em>83.</em></strong></span> <span class='ocrx_word' id='word_1_57' title='bbox 271 813 371 868; x_wconf 80' lang='lat' dir='ltr'><strong><em>Adhuc</em></strong></span> <span class='ocrx_word' id='word_1_58' title='bbox 386 819 480 868; x_wconf 89' lang='lat' dir='ltr'><strong><em>autem</em></strong></span> <span class='ocrx_word' id='word_1_59' title='bbox 496 817 580 869; x_wconf 83' lang='lat' dir='ltr'><strong><em>etiarn</em></strong></span> <span class='ocrx_word' id='word_1_60' title='bbox 603 813 670 869; x_wconf 84' lang='lat' dir='ltr'><strong><em>elios</em></strong></span> <span class='ocrx_word' id='word_1_61' title='bbox 693 813 837 885; x_wconf 82' lang='lat' dir='ltr'>conplures</span> <span class='ocrx_word' id='word_1_62' title='bbox 859 813 960 887; x_wconf 78' lang='lat' dir='ltr'><strong><em>gradus</em></strong></span> <span class='ocrx_word' id='word_1_63' title='bbox 976 819 1095 886; x_wconf 89' lang='lat' dir='ltr'><strong><em>praetor</em></strong></span> 
     </span>
     <span class='ocr_line' id='line_1_9' title="bbox 135 889 1094 970; baseline -0.002 -17"><span class='ocrx_word' id='word_1_64' title='bbox 135 896 212 969; x_wconf 76' lang='lat' dir='ltr'><strong><em>facit</em></strong></span> <span class='ocrx_word' id='word_1_65' title='bbox 225 900 256 954; x_wconf 90' lang='lat' dir='ltr'><strong><em>in</em></strong></span> <span class='ocrx_word' id='word_1_66' title='bbox 272 900 277 959; x_wconf 87' lang='lat' dir='ltr'><strong><em>l</em></strong></span> <span class='ocrx_word' id='word_1_67' title='bbox 295 897 430 953; x_wconf 90' lang='lat' dir='ltr'><strong><em>bonorum</em></strong></span> <span class='ocrx_word' id='word_1_68' title='bbox 447 897 684 968; x_wconf 87' lang='lat' dir='ltr'><strong><em>’possessionibus</em></strong></span> <span class='ocrx_word' id='word_1_69' title='bbox 698 889 825 968; x_wconf 80' lang='lat' dir='ltr'><strong><em>dandis,³</em></strong></span> <span class='ocrx_word' id='word_1_70' title='bbox 839 896 904 954; x_wconf 90' lang='lat' dir='ltr'><strong><em>dum</em></strong></span> <span class='ocrx_word' id='word_1_71' title='bbox 923 897 950 952; x_wconf 88' lang='lat' dir='ltr'><strong><em>id</em></strong></span> <span class='ocrx_word' id='word_1_72' title='bbox 966 901 1038 970; x_wconf 80' lang='lat' dir='ltr'><strong><em>agit,</em></strong></span> <span class='ocrx_word' id='word_1_73' title='bbox 1059 912 1094 952; x_wconf 90' lang='lat' dir='ltr'><strong><em>ne</em></strong></span> 
     </span>
     <span class='ocr_line' id='line_1_10' title="bbox 136 978 1093 1054; baseline -0.002 -17"><span class='ocrx_word' id='word_1_74' title='bbox 136 985 201 1052; x_wconf 79' lang='lat' dir='ltr'><strong><em>puis</em></strong></span> <span class='ocrx_word' id='word_1_75' title='bbox 222 984 284 1036; x_wconf 90' lang='lat' dir='ltr'><strong><em>sine</em></strong></span> <span class='ocrx_word' id='word_1_76' title='bbox 306 995 475 1037; x_wconf 88' lang='lat' dir='ltr'><strong><em>successore</em></strong></span> <span class='ocrx_word' id='word_1_77' title='bbox 489 978 647 1050; x_wconf 77' lang='lat' dir='ltr'><strong><em>moln&#39;atur.</em></strong></span> <span class='ocrx_word' id='word_1_78' title='bbox 693 980 727 1037; x_wconf 90' lang='lat' dir='ltr'><strong><em>de</em></strong></span> <span class='ocrx_word' id='word_1_79' title='bbox 748 982 845 1054; x_wconf 86' lang='lat' dir='ltr'><strong><em>quihus</em></strong></span> <span class='ocrx_word' id='word_1_80' title='bbox 860 983 887 1036; x_wconf 87' lang='lat' dir='ltr'><strong><em>in</em></strong></span> <span class='ocrx_word' id='word_1_81' title='bbox 902 981 943 1036; x_wconf 90' lang='lat' dir='ltr'><strong><em>his</em></strong></span> <span class='ocrx_word' id='word_1_82' title='bbox 959 996 1093 1038; x_wconf 88' lang='lat' dir='ltr'><strong><em>commen·</em></strong></span> 
     </span>
     <span class='ocr_line' id='line_1_11' title="bbox 136 1058 1094 1139; baseline -0.001 -19"><span class='ocrx_word' id='word_1_83' title='bbox 136 1064 213 1120; x_wconf 82' lang='lat' dir='ltr'><strong><em>teriis</em></strong></span> <span class='ocrx_word' id='word_1_84' title='bbox 230 1064 364 1120; x_wconf 85' lang='lat' dir='ltr'><strong><em>&#39;consulto</em></strong></span> <span class='ocrx_word' id='word_1_85' title='bbox 383 1064 388 1137; x_wconf 91' lang='grc' dir='ltr'>Ι</span> <span class='ocrx_word' id='word_1_86' title='bbox 408 1082 465 1121; x_wconf 91' lang='lat' dir='ltr'><strong><em>non</em></strong></span> <span class='ocrx_word' id='word_1_87' title='bbox 485 1069 611 1138; x_wconf 77' lang='lat' dir='ltr'><strong><em>opimus,</em></strong></span> <span class='ocrx_word' id='word_1_88' title='bbox 634 1058 722 1139; x_wconf 82' lang='lat' dir='ltr'><strong><em>quiu⁴</em></strong></span> <span class='ocrx_word' id='word_1_89' title='bbox 741 1065 794 1122; x_wconf 89' lang='lat' dir='ltr'><strong><em>hoc</em></strong></span> <span class='ocrx_word' id='word_1_90' title='bbox 814 1066 959 1121; x_wconf 84' lang='lat' dir='ltr'><strong><em>instalum</em></strong></span> <span class='ocrx_word' id='word_1_91' title='bbox 976 1066 1094 1138; x_wconf 85' lang='lat' dir='ltr'><strong><em>propriis</em></strong></span> 
     </span>
     <span class='ocr_line' id='line_1_12' title="bbox 136 1143 1094 1212; baseline -0.001 -7"><span class='ocrx_word' id='word_1_92' title='bbox 136 1149 335 1205; x_wconf 81' lang='lat' dir='ltr'><strong><em>commentariis</em></strong></span> <span class='ocrx_word' id='word_1_93' title='bbox 359 1154 498 1212; x_wconf 84' lang='lat' dir='ltr'><strong><em>eulsecuti</em></strong></span> <span class='ocrx_word' id='word_1_94' title='bbox 524 1165 630 1207; x_wconf 89' lang='lat' dir='ltr'><strong><em>sumus.</em></strong></span> <span class='ocrx_word' id='word_1_95' title='bbox 681 1145 744 1208; x_wconf 72' lang='lat'><strong><em>38⁸.</em></strong></span> <span class='ocrx_word' id='word_1_96' title='bbox 775 1143 860 1206; x_wconf 86' lang='lat' dir='ltr'><strong><em>Hoc⁵</em></strong></span> <span class='ocrx_word' id='word_1_97' title='bbox 886 1150 974 1205; x_wconf 88' lang='lat' dir='ltr'><strong><em>solum</em></strong></span> <span class='ocrx_word' id='word_1_98' title='bbox 1004 1149 1094 1204; x_wconf 87' lang='lat' dir='ltr'><strong><em>admo·</em></strong></span> 
     </span>
     <span class='ocr_line' id='line_1_13' title="bbox 136 1226 1094 1308; baseline -0.001 -21"><span class='ocrx_word' id='word_1_99' title='bbox 136 1234 228 1288; x_wconf 74' lang='lat' dir='ltr'><strong><em>naimo</em></strong></span> <span class='ocrx_word' id='word_1_100' title='bbox 244 1226 368 1302; x_wconf 71' lang='grc' dir='ltr'><strong><em>ειιῐῆοίῑ,6</em></strong></span> <span class='ocrx_word' id='word_1_101' title='bbox 383 1249 447 1290; x_wconf 92' lang='lat' dir='ltr'><strong><em>cum</em></strong></span> <span class='ocrx_word' id='word_1_102' title='bbox 461 1237 492 1290; x_wconf 91' lang='lat' dir='ltr'><strong><em>in</em></strong></span> <span class='ocrx_word' id='word_1_103' title='bbox 508 1240 512 1308; x_wconf 88' lang='grc' dir='ltr'>Ι</span> <span class='ocrx_word' id='word_1_104' title='bbox 528 1238 661 1307; x_wconf 77' lang='lat' dir='ltr'><strong><em>legitimis</em></strong></span> <span class='ocrx_word' id='word_1_105' title='bbox 680 1232 895 1298; x_wconf 73' lang='lat' dir='ltr'><strong><em>hereditatibus,</em></strong></span> <span class='ocrx_word' id='word_1_106' title='bbox 915 1239 946 1288; x_wconf 89' lang='lat' dir='ltr'><strong><em>ut</em></strong></span> <span class='ocrx_word' id='word_1_107' title='bbox 961 1234 1094 1303; x_wconf 81' lang='lat' dir='ltr'><strong><em>discimus,</em></strong></span> 
     </span>
    </p>
   </div>
   <div class='ocr_carea' id='block_1_3' title="bbox 131 1375 1099 3271">
    <p class='ocr_par' dir='ltr' id='par_1_4' title="bbox 131 1375 1099 3271">
     <span class='ocr_line' id='line_1_14' title="bbox 209 1375 1097 1447; baseline -0.003 -18"><span class='ocrx_word' id='word_1_108' title='bbox 209 1379 230 1446; x_wconf 86' lang='grc'><strong><em>1)</em></strong></span> <span class='ocrx_word' id='word_1_109' title='bbox 241 1382 286 1430; x_wconf 81' lang='lat' dir='ltr'><strong><em>Ex</em></strong></span> <span class='ocrx_word' id='word_1_110' title='bbox 298 1382 381 1432; x_wconf 89' lang='lat' dir='ltr'><strong><em>Instit.</em></strong></span> <span class='ocrx_word' id='word_1_111' title='bbox 392 1386 475 1447; x_wconf 88' lang='lat' dir='ltr'><strong><em>suppl.</em></strong></span> <span class='ocrx_word' id='word_1_112' title='bbox 487 1382 578 1435; x_wconf 75' lang='lat' dir='ltr'><strong><em>(leisch.</em></strong></span> <span class='ocrx_word' id='word_1_113' title='bbox 616 1378 638 1446; x_wconf 79' lang='lat'><strong><em>²)</em></strong></span> <span class='ocrx_word' id='word_1_114' title='bbox 649 1384 737 1431; x_wconf 89' lang='lat' dir='ltr'><strong><em>Locus</em></strong></span> <span class='ocrx_word' id='word_1_115' title='bbox 747 1387 886 1443; x_wconf 89' lang='lat' dir='ltr'><strong><em>corruptus</em></strong></span> <span class='ocrx_word' id='word_1_116' title='bbox 897 1380 1036 1429; x_wconf 87' lang='lat' dir='ltr'><strong><em>secundum</em></strong></span> <span class='ocrx_word' id='word_1_117' title='bbox 1052 1375 1097 1426; x_wconf 70' lang='lat' dir='ltr'><strong><em>V&#39;t</em></strong></span> 
     </span>
     <span class='ocr_line' id='line_1_15' title="bbox 135 1451 1096 1515; baseline -0.005 -12"><span class='ocrx_word' id='word_1_118' title='bbox 135 1455 176 1503; x_wconf 88' lang='lat' dir='ltr'><strong><em>sie</em></strong></span> <span class='ocrx_word' id='word_1_119' title='bbox 183 1454 299 1513; x_wconf 90' lang='lat' dir='ltr'><strong><em>scriptus</em></strong></span> <span class='ocrx_word' id='word_1_120' title='bbox 305 1451 388 1512; x_wconf 81' lang='lat' dir='ltr'><strong><em>fuisse</em></strong></span> <span class='ocrx_word' id='word_1_121' title='bbox 395 1454 512 1502; x_wconf 85' lang='lat' dir='ltr'><strong><em>uidetur:</em></strong></span> <span class='ocrx_word' id='word_1_122' title='bbox 522 1453 675 1502; x_wconf 88' lang='lat' dir='ltr'><strong><em>cumiisdem</em></strong></span> <span class='ocrx_word' id='word_1_123' title='bbox 682 1459 788 1515; x_wconf 88' lang='lat' dir='ltr'><strong><em>propter.</em></strong></span> <span class='ocrx_word' id='word_1_124' title='bbox 808 1453 894 1514; x_wconf 84' lang='lat' dir='ltr'><strong><em>itaque</em></strong></span> <span class='ocrx_word' id='word_1_125' title='bbox 901 1451 1027 1499; x_wconf 89' lang='lat' dir='ltr'><strong><em>librarius</em></strong></span> <span class='ocrx_word' id='word_1_126' title='bbox 1034 1456 1096 1498; x_wconf 91' lang='lat' dir='ltr'><strong><em>nota</em></strong></span> 
     </span>
     <span class='ocr_line' id='line_1_16' title="bbox 135 1521 1096 1585; baseline -0.001 -16"><span class='ocrx_word' id='word_1_127' title='bbox 135 1524 170 1585; x_wconf 84' lang='lat' dir='ltr'><strong><em>hp</em></strong></span> <span class='ocrx_word' id='word_1_128' title='bbox 185 1522 261 1585; x_wconf 81' lang='lat' dir='ltr'><strong><em>quasi</em></strong></span> <span class='ocrx_word' id='word_1_129' title='bbox 274 1526 340 1568; x_wconf 89' lang='lat' dir='ltr'><strong><em>esset</em></strong></span> <span class='ocrx_word' id='word_1_130' title='bbox 352 1536 384 1584; x_wconf 92' lang='lat' dir='ltr'><strong><em>pp</em></strong></span> <span class='ocrx_word' id='word_1_131' title='bbox 394 1525 459 1576; x_wconf 85' lang='lat' dir='ltr'><strong><em>male</em></strong></span> <span class='ocrx_word' id='word_1_132' title='bbox 469 1524 601 1584; x_wconf 76' lang='lat' dir='ltr'><strong><em>explicata</em></strong></span> <span class='ocrx_word' id='word_1_133' title='bbox 611 1538 668 1571; x_wconf 90' lang='lat' dir='ltr'><strong><em>cum</em></strong></span> <span class='ocrx_word' id='word_1_134' title='bbox 677 1523 816 1571; x_wconf 87' lang='lat' dir='ltr'><strong><em>subiectum</em></strong></span> <span class='ocrx_word' id='word_1_135' title='bbox 826 1523 959 1580; x_wconf 88' lang='lat' dir='ltr'><strong><em>amisisset,</em></strong></span> <span class='ocrx_word' id='word_1_136' title='bbox 970 1523 1046 1569; x_wconf 88' lang='lat' dir='ltr'><strong><em>etiam</em></strong></span> <span class='ocrx_word' id='word_1_137' title='bbox 1056 1521 1096 1568; x_wconf 86' lang='lat' dir='ltr'><strong><em>dat</em></strong></span> 
     </span>
     <span class='ocr_line' id='line_1_17' title="bbox 138 1590 1095 1653; baseline 0 -13"><span class='ocrx_word' id='word_1_138' title='bbox 138 1592 246 1640; x_wconf 89' lang='lat' dir='ltr'><strong><em>mutauit</em></strong></span> <span class='ocrx_word' id='word_1_139' title='bbox 260 1592 287 1638; x_wconf 93' lang='lat' dir='ltr'><strong><em>in</em></strong></span> <span class='ocrx_word' id='word_1_140' title='bbox 302 1590 363 1640; x_wconf 86' lang='lat' dir='ltr'><strong><em>dem.</em></strong></span> <span class='ocrx_word' id='word_1_141' title='bbox 393 1590 431 1652; x_wconf 83' lang='lat' dir='ltr'><strong><em>Of.</em></strong></span> <span class='ocrx_word' id='word_1_142' title='bbox 446 1590 511 1639; x_wconf 89' lang='lat' dir='ltr'><strong><em>Inst.</em></strong></span> <span class='ocrx_word' id='word_1_143' title='bbox 534 1590 621 1640; x_wconf 85' lang='lat' dir='ltr'><strong><em>Etiam</em></strong></span> <span class='ocrx_word' id='word_1_144' title='bbox 632 1598 724 1653; x_wconf 91' lang='lat' dir='ltr'><strong><em>postea</em></strong></span> <span class='ocrx_word' id='word_1_145' title='bbox 738 1594 765 1639; x_wconf 92' lang='lat' dir='ltr'><strong><em>in</em></strong></span> <span class='ocrx_word' id='word_1_146' title='bbox 779 1591 932 1639; x_wconf 81' lang='lat' dir='ltr'><strong><em>constituunt&#39;</em></strong></span> <span class='ocrx_word' id='word_1_147' title='bbox 945 1592 1011 1653; x_wconf 81' lang='lat' dir='ltr'><strong><em>feeit</em></strong></span> <span class='ocrx_word' id='word_1_148' title='bbox 1026 1592 1095 1652; x_wconf 89' lang='lat' dir='ltr'><strong><em>ipro</em></strong></span> 
     </span>
     <span class='ocr_line' id='line_1_18' title="bbox 139 1655 1096 1722; baseline -0.003 -12"><span class='ocrx_word' id='word_1_149' title='bbox 139 1667 202 1710; x_wconf 90' lang='lat' dir='ltr'><strong><em>nota</em></strong></span> <span class='ocrx_word' id='word_1_150' title='bbox 216 1674 270 1707; x_wconf 86' lang='lat' dir='ltr'><strong><em>con.</em></strong></span> <span class='ocrx_word' id='word_1_151' title='bbox 344 1655 364 1721; x_wconf 77' lang='lat'><strong><em>³)</em></strong></span> <span class='ocrx_word' id='word_1_152' title='bbox 385 1659 429 1708; x_wconf 83' lang='lat' dir='ltr'><strong><em>Era</em></strong></span> <span class='ocrx_word' id='word_1_153' title='bbox 447 1660 511 1708; x_wconf 89' lang='lat' dir='ltr'><strong><em>Inst.</em></strong></span> <span class='ocrx_word' id='word_1_154' title='bbox 533 1657 704 1722; x_wconf 74' lang='lat' dir='ltr'><strong><em>‘possessione</em></strong></span> <span class='ocrx_word' id='word_1_155' title='bbox 723 1657 820 1709; x_wconf 83' lang='lat' dir='ltr'><strong><em>danda’</em></strong></span> <span class='ocrx_word' id='word_1_156' title='bbox 842 1661 899 1708; x_wconf 83' lang='lat' dir='ltr'><strong><em>edd.</em></strong></span> <span class='ocrx_word' id='word_1_157' title='bbox 916 1660 1096 1722; x_wconf 84' lang='lat' dir='ltr'><strong><em>Supplementa</em></strong></span> 
     </span>
     <span class='ocr_line' id='line_1_19' title="bbox 139 1724 1098 1792; baseline -0.003 -13"><span class='ocrx_word' id='word_1_158' title='bbox 139 1730 296 1781; x_wconf 74' lang='lat' dir='ltr'><strong><em>conueniunt</em></strong></span> <span class='ocrx_word' id='word_1_159' title='bbox 318 1724 363 1776; x_wconf 68' lang='lat' dir='ltr'><strong><em>V&#39;t</em></strong></span> <span class='ocrx_word' id='word_1_160' title='bbox 380 1731 457 1777; x_wconf 90' lang='lat' dir='ltr'><strong><em>etiam</em></strong></span> <span class='ocrx_word' id='word_1_161' title='bbox 475 1730 502 1777; x_wconf 90' lang='lat' dir='ltr'><strong><em>in</em></strong></span> <span class='ocrx_word' id='word_1_162' title='bbox 522 1731 567 1788; x_wconf 88' lang='lat' dir='ltr'><strong><em>iis,</em></strong></span> <span class='ocrx_word' id='word_1_163' title='bbox 587 1744 651 1792; x_wconf 86' lang='lat' dir='ltr'><strong><em>quae</em></strong></span> <span class='ocrx_word' id='word_1_164' title='bbox 669 1736 818 1791; x_wconf 80' lang='lat' dir='ltr'><strong><em>sequuntur.</em></strong></span> <span class='ocrx_word' id='word_1_165' title='bbox 889 1727 913 1790; x_wconf 72' lang='grc'><strong><em>14)</em></strong></span> <span class='ocrx_word' id='word_1_166' title='bbox 926 1728 1049 1791; x_wconf 88' lang='lat' dir='ltr'><strong><em>Suppieui</em></strong></span> <span class='ocrx_word' id='word_1_167' title='bbox 1062 1730 1098 1777; x_wconf 77' lang='lat' dir='ltr'><strong><em>aei</em></strong></span> 
     </span>
     <span class='ocr_line' id='line_1_20' title="bbox 137 1792 1097 1863; baseline -0.006 -13"><span class='ocrx_word' id='word_1_168' title='bbox 137 1801 299 1856; x_wconf 88' lang='lat' dir='ltr'><strong><em>sententiam,</em></strong></span> <span class='ocrx_word' id='word_1_169' title='bbox 313 1800 437 1862; x_wconf 87' lang='lat' dir='ltr'><strong><em>scriptum</em></strong></span> <span class='ocrx_word' id='word_1_170' title='bbox 445 1800 530 1862; x_wconf 83' lang='lat' dir='ltr'><strong><em>fuisse</em></strong></span> <span class='ocrx_word' id='word_1_171' title='bbox 539 1806 627 1847; x_wconf 89' lang='lat' dir='ltr'><strong><em>ratus:</em></strong></span> <span class='ocrx_word' id='word_1_172' title='bbox 641 1798 750 1847; x_wconf 84' lang='lat' dir='ltr'><strong><em>consulto</em></strong></span> <span class='ocrx_word' id='word_1_173' title='bbox 766 1796 770 1861; x_wconf 86' lang='grc' dir='ltr'>Ι</span> <span class='ocrx_word' id='word_1_174' title='bbox 785 1801 804 1845; x_wconf 72' lang='grc' dir='ltr'>ᾗ</span> <span class='ocrx_word' id='word_1_175' title='bbox 818 1798 888 1858; x_wconf 81' lang='lat' dir='ltr'><strong><em>sgim&#39;</em></strong></span> <span class='ocrx_word' id='word_1_176' title='bbox 899 1792 942 1863; x_wconf 72' lang='lat' dir='ltr'><strong>(fa.</strong></span> <span class='ocrx_word' id='word_1_177' title='bbox 999 1796 1019 1861; x_wconf 69' lang='grc' dir='ltr'><strong><em>ὗ)</em></strong></span> <span class='ocrx_word' id='word_1_178' title='bbox 1034 1798 1097 1845; x_wconf 85' lang='lat' dir='ltr'><strong><em>Item</em></strong></span> 
     </span>
     <span class='ocr_line' id='line_1_21' title="bbox 136 1864 1096 1935; baseline -0.007 -14"><span class='ocrx_word' id='word_1_179' title='bbox 136 1871 256 1934; x_wconf 82' lang='lat' dir='ltr'><strong><em>supplevi</em></strong></span> <span class='ocrx_word' id='word_1_180' title='bbox 274 1864 319 1918; x_wconf 70' lang='lat' dir='ltr'><em>W</em></span> <span class='ocrx_word' id='word_1_181' title='bbox 331 1872 433 1919; x_wconf 89' lang='lat' dir='ltr'><strong><em>ratione</em></strong></span> <span class='ocrx_word' id='word_1_182' title='bbox 446 1869 535 1918; x_wconf 90' lang='lat' dir='ltr'><strong><em>habita</em></strong></span> <span class='ocrx_word' id='word_1_183' title='bbox 548 1871 698 1935; x_wconf 59' lang='lat' dir='ltr'><strong><em>signumque</em></strong></span> <span class='ocrx_word' id='word_1_184' title='bbox 713 1883 792 1917; x_wconf 87' lang='lat' dir='ltr'><strong><em>nonae</em></strong></span> <span class='ocrx_word' id='word_1_185' title='bbox 802 1869 828 1929; x_wconf 77' lang='lat' dir='ltr'><strong><em>§i</em></strong></span> <span class='ocrx_word' id='word_1_186' title='bbox 835 1868 897 1930; x_wconf 76' lang='lat' dir='ltr'><strong><em>feci.</em></strong></span> <span class='ocrx_word' id='word_1_187' title='bbox 944 1864 965 1932; x_wconf 80' lang='lat'><strong><em>⁶)</em></strong></span> <span class='ocrx_word' id='word_1_188' title='bbox 980 1866 1025 1915; x_wconf 77' lang='lat' dir='ltr'><strong><em>Eae</em></strong></span> <span class='ocrx_word' id='word_1_189' title='bbox 1037 1882 1096 1929; x_wconf 89' lang='lat' dir='ltr'><strong><em>sup-</em></strong></span> 
     </span>
     <span class='ocr_line' id='line_1_22' title="bbox 132 1936 1096 2007; baseline -0.006 -17"><span class='ocrx_word' id='word_1_190' title='bbox 132 1942 215 2007; x_wconf 81' lang='lat' dir='ltr'><strong><em>pletis</em></strong></span> <span class='ocrx_word' id='word_1_191' title='bbox 228 1956 245 1989; x_wconf 91' lang='lat' dir='ltr'><strong><em>a</em></strong></span> <span class='ocrx_word' id='word_1_192' title='bbox 259 1956 296 1989; x_wconf 92' lang='lat' dir='ltr'><strong><em>me</em></strong></span> <span class='ocrx_word' id='word_1_193' title='bbox 310 1939 444 1989; x_wconf 86' lang='lat' dir='ltr'><strong><em>uerborum</em></strong></span> <span class='ocrx_word' id='word_1_194' title='bbox 454 1942 493 1989; x_wconf 89' lang='lat' dir='ltr'><strong><em>oei</em></strong></span> <span class='ocrx_word' id='word_1_195' title='bbox 505 1943 651 1989; x_wconf 87' lang='lat' dir='ltr'><strong><em>litterarum</em></strong></span> <span class='ocrx_word' id='word_1_196' title='bbox 665 1940 784 2002; x_wconf 86' lang='lat' dir='ltr'><strong><em>reliquiis</em></strong></span> <span class='ocrx_word' id='word_1_197' title='bbox 798 1936 1001 2001; x_wconf 86' lang='lat' dir='ltr'><strong><em>insequentibus</em></strong></span> <span class='ocrx_word' id='word_1_198' title='bbox 1018 1939 1096 1985; x_wconf 88' lang='lat' dir='ltr'><strong><em>versi-</em></strong></span> 
     </span>
     <span class='ocr_line' id='line_1_23' title="bbox 137 2006 1097 2074; baseline -0.004 -13"><span class='ocrx_word' id='word_1_199' title='bbox 137 2013 186 2062; x_wconf 90' lang='lat' dir='ltr'><strong><em>bus</em></strong></span> <span class='ocrx_word' id='word_1_200' title='bbox 200 2023 226 2061; x_wconf 88' lang='lat'><strong><em>10</em></strong></span> <span class='ocrx_word' id='word_1_201' title='bbox 236 2012 282 2074; x_wconf 82' lang='lat' dir='ltr'><strong><em>fin.</em></strong></span> <span class='ocrx_word' id='word_1_202' title='bbox 299 2037 331 2046; x_wconf 92' lang='lat'><em>-</em></span> <span class='ocrx_word' id='word_1_203' title='bbox 346 2020 372 2060; x_wconf 84' lang='lat'><strong><em>15</em></strong></span> <span class='ocrx_word' id='word_1_204' title='bbox 391 2006 436 2058; x_wconf 78' lang='lat' dir='ltr'><strong><em>Vm</em></strong></span> <span class='ocrx_word' id='word_1_205' title='bbox 449 2013 517 2059; x_wconf 90' lang='lat' dir='ltr'><strong><em>inter</em></strong></span> <span class='ocrx_word' id='word_1_206' title='bbox 532 2025 596 2074; x_wconf 85' lang='lat' dir='ltr'><strong><em>quas</em></strong></span> <span class='ocrx_word' id='word_1_207' title='bbox 610 2026 632 2059; x_wconf 87' lang='lat' dir='ltr'><strong><em>u.</em></strong></span> <span class='ocrx_word' id='word_1_208' title='bbox 644 2009 797 2058; x_wconf 86' lang='lat' dir='ltr'><strong><em>inuidiosum</em></strong></span> <span class='ocrx_word' id='word_1_209' title='bbox 810 2016 937 2072; x_wconf 86' lang='lat' dir='ltr'><strong><em>tamquam</em></strong></span> <span class='ocrx_word' id='word_1_210' title='bbox 951 2009 978 2055; x_wconf 89' lang='lat' dir='ltr'><strong><em>in</em></strong></span> <span class='ocrx_word' id='word_1_211' title='bbox 990 2007 1015 2056; x_wconf 82' lang='lat'><strong><em>0.</em></strong></span> <span class='ocrx_word' id='word_1_212' title='bbox 1026 2014 1097 2057; x_wconf 89' lang='lat' dir='ltr'><strong><em>certo</em></strong></span> 
     </span>
     <span class='ocr_line' id='line_1_24' title="bbox 137 2078 1097 2143; baseline -0.006 -11"><span class='ocrx_word' id='word_1_213' title='bbox 137 2089 255 2139; x_wconf 74' lang='lat' dir='ltr'><strong><em>exstans,</em></strong></span> <span class='ocrx_word' id='word_1_214' title='bbox 268 2081 315 2130; x_wconf 84' lang='lat' dir='ltr'><strong><em>sed</em></strong></span> <span class='ocrx_word' id='word_1_215' title='bbox 324 2083 429 2143; x_wconf 87' lang='lat' dir='ltr'><strong><em>pariter</em></strong></span> <span class='ocrx_word' id='word_1_216' title='bbox 442 2080 474 2130; x_wconf 94' lang='lat' dir='ltr'><strong><em>ab</em></strong></span> <span class='ocrx_word' id='word_1_217' title='bbox 489 2096 518 2130; x_wconf 92' lang='lat' dir='ltr'><strong><em>eo</em></strong></span> <span class='ocrx_word' id='word_1_218' title='bbox 532 2081 677 2130; x_wconf 71' lang='lat' dir='ltr'><strong><em>abhorrens</em></strong></span> <span class='ocrx_word' id='word_1_219' title='bbox 690 2096 722 2129; x_wconf 80' lang='lat' dir='ltr'><strong><em>aa</em></strong></span> <span class='ocrx_word' id='word_1_220' title='bbox 740 2095 817 2129; x_wconf 89' lang='lat' dir='ltr'><strong><em>sensu</em></strong></span> <span class='ocrx_word' id='word_1_221' title='bbox 831 2081 973 2135; x_wconf 87' lang='lat' dir='ltr'><strong><em>molestum,</em></strong></span> <span class='ocrx_word' id='word_1_222' title='bbox 991 2078 1056 2127; x_wconf 87' lang='lat' dir='ltr'><strong><em>adeo</em></strong></span> <span class='ocrx_word' id='word_1_223' title='bbox 1070 2079 1097 2126; x_wconf 92' lang='lat' dir='ltr'><strong><em>in</em></strong></span> 
     </span>
     <span class='ocr_line' id='line_1_25' title="bbox 137 2148 1098 2214; baseline -0.007 -11"><span class='ocrx_word' id='word_1_224' title='bbox 137 2159 285 2203; x_wconf 76' lang='lat' dir='ltr'><strong><em>contextum</em></strong></span> <span class='ocrx_word' id='word_1_225' title='bbox 299 2150 348 2200; x_wconf 89' lang='lat' dir='ltr'><strong><em>Kr.</em></strong></span> <span class='ocrx_word' id='word_1_226' title='bbox 363 2151 402 2200; x_wconf 86' lang='lat' dir='ltr'><strong><em>ed.</em></strong></span> <span class='ocrx_word' id='word_1_227' title='bbox 418 2163 437 2204; x_wconf 78' lang='lat' dir='ltr'><strong><em>e.</em></strong></span> <span class='ocrx_word' id='word_1_228' title='bbox 457 2154 565 2201; x_wconf 90' lang='lat' dir='ltr'><strong><em>relatum</em></strong></span> <span class='ocrx_word' id='word_1_229' title='bbox 584 2153 679 2209; x_wconf 88' lang='lat' dir='ltr'><strong><em>miror,</em></strong></span> <span class='ocrx_word' id='word_1_230' title='bbox 696 2152 809 2213; x_wconf 89' lang='lat' dir='ltr'><strong><em>primum</em></strong></span> <span class='ocrx_word' id='word_1_231' title='bbox 826 2150 875 2199; x_wconf 88' lang='lat' dir='ltr'><strong><em>hoe</em></strong></span> <span class='ocrx_word' id='word_1_232' title='bbox 895 2151 1017 2214; x_wconf 77' lang='lat' dir='ltr'><strong><em>collipere</em></strong></span> <span class='ocrx_word' id='word_1_233' title='bbox 1035 2148 1098 2196; x_wconf 90' lang='lat' dir='ltr'><strong><em>mihi</em></strong></span> 
     </span>
     <span class='ocr_line' id='line_1_26' title="bbox 138 2219 1097 2285; baseline -0.005 -12"><span class='ocrx_word' id='word_1_234' title='bbox 138 2223 237 2280; x_wconf 85' lang='lat' dir='ltr'><strong><em>uideor,</em></strong></span> <span class='ocrx_word' id='word_1_235' title='bbox 255 2221 346 2270; x_wconf 80' lang='lat' dir='ltr'><strong><em>Gaium</em></strong></span> <span class='ocrx_word' id='word_1_236' title='bbox 359 2237 410 2271; x_wconf 92' lang='lat' dir='ltr'><strong><em>non</em></strong></span> <span class='ocrx_word' id='word_1_237' title='bbox 424 2222 497 2271; x_wconf 87' lang='lat' dir='ltr'><strong><em>modo</em></strong></span> <span class='ocrx_word' id='word_1_238' title='bbox 512 2230 540 2271; x_wconf 88' lang='lat' dir='ltr'><strong><em>ut</em></strong></span> <span class='ocrx_word' id='word_1_239' title='bbox 558 2221 612 2285; x_wconf 83' lang='lat' dir='ltr'><strong><em>Uip.</em></strong></span> <span class='ocrx_word' id='word_1_240' title='bbox 628 2233 663 2282; x_wconf 79' lang='lat'><strong><em>28,</em></strong></span> <span class='ocrx_word' id='word_1_241' title='bbox 677 2234 697 2273; x_wconf 79' lang='lat' dir='ltr'><strong><em>r.</em></strong></span> <span class='ocrx_word' id='word_1_242' title='bbox 716 2228 742 2270; x_wconf 89' lang='lat' dir='ltr'><strong><em>et</em></strong></span> <span class='ocrx_word' id='word_1_243' title='bbox 755 2221 927 2270; x_wconf 87' lang='lat' dir='ltr'><strong><em>Iustinianum</em></strong></span> <span class='ocrx_word' id='word_1_244' title='bbox 946 2222 967 2281; x_wconf 68' lang='grc' dir='ltr'><strong><em>ξ.</em></strong></span> <span class='ocrx_word' id='word_1_245' title='bbox 983 2232 1004 2271; x_wconf 79' lang='lat' dir='ltr'><strong><em>s.</em></strong></span> <span class='ocrx_word' id='word_1_246' title='bbox 1028 2219 1049 2267; x_wconf 93' lang='lat' dir='ltr'><strong><em>I.</em></strong></span> <span class='ocrx_word' id='word_1_247' title='bbox 1065 2220 1097 2268; x_wconf 85' lang='lat' dir='ltr'><strong><em>de</em></strong></span> 
     </span>
     <span class='ocr_line' id='line_1_27' title="bbox 138 2289 1096 2357; baseline -0.005 -14"><span class='ocrx_word' id='word_1_248' title='bbox 138 2294 196 2343; x_wconf 89' lang='lat' dir='ltr'><strong><em>bon.</em></strong></span> <span class='ocrx_word' id='word_1_249' title='bbox 207 2303 279 2356; x_wconf 82' lang='lat' dir='ltr'><strong><em>poss.</em></strong></span> <span class='ocrx_word' id='word_1_250' title='bbox 294 2291 325 2355; x_wconf 71' lang='lat' dir='ltr'><strong><em>(e,</em></strong></span> <span class='ocrx_word' id='word_1_251' title='bbox 340 2289 363 2356; x_wconf 82' lang='grc'><strong><em>9)</em></strong></span> <span class='ocrx_word' id='word_1_252' title='bbox 383 2294 509 2357; x_wconf 62' lang='lat' dir='ltr'><strong><em>integram</em></strong></span> <span class='ocrx_word' id='word_1_253' title='bbox 526 2293 619 2342; x_wconf 85' lang='lat' dir='ltr'><strong><em>seriem</em></strong></span> <span class='ocrx_word' id='word_1_254' title='bbox 633 2291 656 2342; x_wconf 92' lang='lat' dir='ltr'><strong><em>b.</em></strong></span> <span class='ocrx_word' id='word_1_255' title='bbox 673 2293 865 2355; x_wconf 86' lang='lat' dir='ltr'><strong><em>posscssionum</em></strong></span> <span class='ocrx_word' id='word_1_256' title='bbox 882 2292 1024 2340; x_wconf 84' lang='lat' dir='ltr'><strong><em>summatim</em></strong></span> <span class='ocrx_word' id='word_1_257' title='bbox 1046 2306 1096 2340; x_wconf 91' lang='lat' dir='ltr'><strong><em>non</em></strong></span> 
     </span>
     <span class='ocr_line' id='line_1_28' title="bbox 132 2362 1096 2428; baseline -0.002 -16"><span class='ocrx_word' id='word_1_258' title='bbox 132 2365 312 2428; x_wconf 84' lang='lat' dir='ltr'><strong><em>proposuisse,</em></strong></span> <span class='ocrx_word' id='word_1_259' title='bbox 326 2363 373 2411; x_wconf 87' lang='lat' dir='ltr'><strong><em>sed</em></strong></span> <span class='ocrx_word' id='word_1_260' title='bbox 385 2377 417 2410; x_wconf 90' lang='lat' dir='ltr'><strong><em>ne</em></strong></span> <span class='ocrx_word' id='word_1_261' title='bbox 431 2377 475 2411; x_wconf 90' lang='lat' dir='ltr'><strong><em>eas</em></strong></span> <span class='ocrx_word' id='word_1_262' title='bbox 493 2362 606 2426; x_wconf 85' lang='lat' dir='ltr'><strong><em>quidem,</em></strong></span> <span class='ocrx_word' id='word_1_263' title='bbox 625 2377 691 2426; x_wconf 86' lang='lat' dir='ltr'><strong><em>quae</em></strong></span> <span class='ocrx_word' id='word_1_264' title='bbox 701 2369 762 2425; x_wconf 90' lang='lat' dir='ltr'><strong><em>post</em></strong></span> <span class='ocrx_word' id='word_1_265' title='bbox 780 2362 802 2410; x_wconf 94' lang='lat' dir='ltr'><strong><em>b.</em></strong></span> <span class='ocrx_word' id='word_1_266' title='bbox 813 2378 841 2424; x_wconf 92' lang='lat' dir='ltr'><strong><em>p.</em></strong></span> <span class='ocrx_word' id='word_1_267' title='bbox 857 2362 925 2410; x_wconf 86' lang='lat' dir='ltr'><strong><em>unde</em></strong></span> <span class='ocrx_word' id='word_1_268' title='bbox 939 2363 1044 2426; x_wconf 78' lang='lat' dir='ltr'><strong><em>copnati</em></strong></span> <span class='ocrx_word' id='word_1_269' title='bbox 1056 2376 1096 2410; x_wconf 89' lang='lat' dir='ltr'><strong><em>se·</em></strong></span> 
     </span>
     <span class='ocr_line' id='line_1_29' title="bbox 137 2429 1096 2499; baseline -0.003 -17"><span class='ocrx_word' id='word_1_270' title='bbox 137 2440 260 2499; x_wconf 72' lang='lat' dir='ltr'><strong><em>quuntm,</em></strong></span> <span class='ocrx_word' id='word_1_271' title='bbox 276 2447 482 2482; x_wconf 84' lang='lat' dir='ltr'><strong><em>commemorasse</em></strong></span> <span class='ocrx_word' id='word_1_272' title='bbox 491 2432 569 2498; x_wconf 87' lang='lat' dir='ltr'><strong><em>(unde</em></strong></span> <span class='ocrx_word' id='word_1_273' title='bbox 580 2435 656 2482; x_wconf 90' lang='lat' dir='ltr'><strong><em>etiam</em></strong></span> <span class='ocrx_word' id='word_1_274' title='bbox 672 2429 792 2480; x_wconf 80' lang='lat' dir='ltr'><strong><em>‘consulta</em></strong></span> <span class='ocrx_word' id='word_1_275' title='bbox 805 2447 855 2481; x_wconf 92' lang='lat' dir='ltr'><strong><em>non</em></strong></span> <span class='ocrx_word' id='word_1_276' title='bbox 866 2429 975 2496; x_wconf 73' lang='lat' dir='ltr'><strong><em>opimus’</em></strong></span> <span class='ocrx_word' id='word_1_277' title='bbox 987 2433 1096 2495; x_wconf 82' lang='lat' dir='ltr'><strong><em>scripsi)</em></strong></span> 
     </span>
     <span class='ocr_line' id='line_1_30' title="bbox 137 2501 1095 2569; baseline -0.004 -14"><span class='ocrx_word' id='word_1_278' title='bbox 137 2512 163 2555; x_wconf 88' lang='lat' dir='ltr'><strong><em>et</em></strong></span> <span class='ocrx_word' id='word_1_279' title='bbox 177 2511 311 2567; x_wconf 86' lang='lat' dir='ltr'><strong><em>utrumque</em></strong></span> <span class='ocrx_word' id='word_1_280' title='bbox 324 2509 402 2560; x_wconf 88' lang='lat' dir='ltr'><strong><em>reete,</em></strong></span> <span class='ocrx_word' id='word_1_281' title='bbox 418 2519 473 2552; x_wconf 91' lang='lat' dir='ltr'><strong><em>cum</em></strong></span> <span class='ocrx_word' id='word_1_282' title='bbox 483 2505 563 2552; x_wconf 87' lang='lat' dir='ltr'><strong><em>ceteri</em></strong></span> <span class='ocrx_word' id='word_1_283' title='bbox 575 2503 676 2569; x_wconf 72' lang='lat' dir='ltr'><strong><em>pronius</em></strong></span> <span class='ocrx_word' id='word_1_284' title='bbox 690 2502 802 2550; x_wconf 86' lang='lat' dir='ltr'><strong><em>nondum</em></strong></span> <span class='ocrx_word' id='word_1_285' title='bbox 815 2504 933 2564; x_wconf 73' lang='lat' dir='ltr'><strong><em>exposito</em></strong></span> <span class='ocrx_word' id='word_1_286' title='bbox 948 2504 1005 2550; x_wconf 89' lang='lat' dir='ltr'><strong><em>iure</em></strong></span> <span class='ocrx_word' id='word_1_287' title='bbox 1020 2501 1095 2551; x_wconf 92' lang='lat' dir='ltr'><strong><em>bono·</em></strong></span> 
     </span>
     <span class='ocr_line' id='line_1_31' title="bbox 137 2571 1096 2635; baseline -0.002 -12"><span class='ocrx_word' id='word_1_288' title='bbox 137 2590 196 2624; x_wconf 89' lang='lat' dir='ltr'><strong><em>rum</em></strong></span> <span class='ocrx_word' id='word_1_289' title='bbox 210 2574 359 2623; x_wconf 90' lang='lat' dir='ltr'><strong><em>libertorum</em></strong></span> <span class='ocrx_word' id='word_1_290' title='bbox 372 2573 500 2622; x_wconf 88' lang='lat' dir='ltr'><strong><em>tironibus</em></strong></span> <span class='ocrx_word' id='word_1_291' title='bbox 513 2573 651 2635; x_wconf 87' lang='lat' dir='ltr'><strong><em>perspicui</em></strong></span> <span class='ocrx_word' id='word_1_292' title='bbox 666 2572 727 2631; x_wconf 83' lang='lat' dir='ltr'><strong><em>fieri</em></strong></span> <span class='ocrx_word' id='word_1_293' title='bbox 745 2573 888 2633; x_wconf 86' lang='lat' dir='ltr'><strong><em>nequirent.</em></strong></span> <span class='ocrx_word' id='word_1_294' title='bbox 920 2571 1021 2620; x_wconf 83' lang='lat' dir='ltr'><strong><em>Deinde</em></strong></span> <span class='ocrx_word' id='word_1_295' title='bbox 1035 2587 1096 2621; x_wconf 87' lang='lat' dir='ltr'><strong><em>uero</em></strong></span> 
     </span>
     <span class='ocr_line' id='line_1_32' title="bbox 136 2638 1097 2707; baseline -0.005 -13"><span class='ocrx_word' id='word_1_296' title='bbox 136 2647 216 2695; x_wconf 87' lang='lat' dir='ltr'><strong><em>etiam</em></strong></span> <span class='ocrx_word' id='word_1_297' title='bbox 226 2659 278 2707; x_wconf 92' lang='lat' dir='ltr'><strong><em>pro</em></strong></span> <span class='ocrx_word' id='word_1_298' title='bbox 296 2650 367 2693; x_wconf 85' lang='lat' dir='ltr'><strong><em>certo</em></strong></span> <span class='ocrx_word' id='word_1_299' title='bbox 386 2643 479 2701; x_wconf 90' lang='lat' dir='ltr'><strong><em>habeo,</em></strong></span> <span class='ocrx_word' id='word_1_300' title='bbox 498 2658 554 2691; x_wconf 89' lang='lat' dir='ltr'><strong><em>eum</em></strong></span> <span class='ocrx_word' id='word_1_301' title='bbox 570 2642 691 2704; x_wconf 76' lang='lat' dir='ltr'><strong><em>proxime</em></strong></span> <span class='ocrx_word' id='word_1_302' title='bbox 705 2641 736 2688; x_wconf 85' lang='lat' dir='ltr'><strong><em>de</em></strong></span> <span class='ocrx_word' id='word_1_303' title='bbox 749 2638 816 2688; x_wconf 84' lang='lat' dir='ltr'><strong><em>SGto</em></strong></span> <span class='ocrx_word' id='word_1_304' title='bbox 834 2638 992 2689; x_wconf 82' lang='lat' dir='ltr'><strong><em>Tertulliano</em></strong></span> <span class='ocrx_word' id='word_1_305' title='bbox 1007 2641 1097 2703; x_wconf 85' lang='lat' dir='ltr'><strong><em>dispu-</em></strong></span> 
     </span>
     <span class='ocr_line' id='line_1_33' title="bbox 137 2709 1096 2778; baseline -0.007 -13"><span class='ocrx_word' id='word_1_306' title='bbox 137 2724 215 2772; x_wconf 86' lang='lat' dir='ltr'><strong><em>tasse,</em></strong></span> <span class='ocrx_word' id='word_1_307' title='bbox 231 2715 299 2778; x_wconf 85' lang='lat' dir='ltr'><strong><em>quod</em></strong></span> <span class='ocrx_word' id='word_1_308' title='bbox 312 2715 353 2761; x_wconf 88' lang='lat' dir='ltr'><strong><em>ius</em></strong></span> <span class='ocrx_word' id='word_1_309' title='bbox 366 2714 419 2761; x_wconf 85' lang='lat' dir='ltr'><strong><em>nisi</em></strong></span> <span class='ocrx_word' id='word_1_310' title='bbox 432 2713 550 2775; x_wconf 79' lang='lat' dir='ltr'><strong><em>exposito</em></strong></span> <span class='ocrx_word' id='word_1_311' title='bbox 560 2718 619 2760; x_wconf 89' lang='lat' dir='ltr'><strong><em>ante</em></strong></span> <span class='ocrx_word' id='word_1_312' title='bbox 630 2712 687 2758; x_wconf 89' lang='lat' dir='ltr'><strong><em>iure</em></strong></span> <span class='ocrx_word' id='word_1_313' title='bbox 697 2709 719 2758; x_wconf 93' lang='lat' dir='ltr'><strong><em>b.</em></strong></span> <span class='ocrx_word' id='word_1_314' title='bbox 727 2710 907 2771; x_wconf 86' lang='lat' dir='ltr'><strong><em>possessionis,</em></strong></span> <span class='ocrx_word' id='word_1_315' title='bbox 922 2712 1037 2774; x_wconf 67' lang='lat' dir='ltr'><strong><em>intellegi</em></strong></span> <span class='ocrx_word' id='word_1_316' title='bbox 1046 2725 1096 2759; x_wconf 90' lang='lat' dir='ltr'><strong><em>non</em></strong></span> 
     </span>
     <span class='ocr_line' id='line_1_34' title="bbox 131 2779 1097 2850; baseline -0.007 -16"><span class='ocrx_word' id='word_1_317' title='bbox 131 2791 248 2850; x_wconf 88' lang='lat' dir='ltr'><strong><em>poterat.</em></strong></span> <span class='ocrx_word' id='word_1_318' title='bbox 284 2783 344 2833; x_wconf 78' lang='lat' dir='ltr'><strong><em>Cum</em></strong></span> <span class='ocrx_word' id='word_1_319' title='bbox 362 2785 428 2831; x_wconf 88' lang='lat' dir='ltr'><strong><em>enim</em></strong></span> <span class='ocrx_word' id='word_1_320' title='bbox 447 2781 570 2832; x_wconf 84' lang='lat' dir='ltr'><strong><em>credibile</em></strong></span> <span class='ocrx_word' id='word_1_321' title='bbox 585 2795 635 2830; x_wconf 90' lang='lat' dir='ltr'><strong><em>non</em></strong></span> <span class='ocrx_word' id='word_1_322' title='bbox 650 2786 701 2836; x_wconf 88' lang='lat' dir='ltr'><strong><em>est,</em></strong></span> <span class='ocrx_word' id='word_1_323' title='bbox 717 2795 773 2828; x_wconf 87' lang='lat' dir='ltr'><strong><em>eum</em></strong></span> <span class='ocrx_word' id='word_1_324' title='bbox 786 2780 854 2827; x_wconf 89' lang='lat' dir='ltr'><strong><em>tanti</em></strong></span> <span class='ocrx_word' id='word_1_325' title='bbox 867 2781 983 2827; x_wconf 88' lang='lat' dir='ltr'><strong><em>momenti</em></strong></span> <span class='ocrx_word' id='word_1_326' title='bbox 996 2779 1097 2836; x_wconf 83' lang='lat' dir='ltr'><strong><em>SCtum,</em></strong></span> 
     </span>
     <span class='ocr_line' id='line_1_35' title="bbox 137 2847 1098 2916; baseline -0.009 -11"><span class='ocrx_word' id='word_1_327' title='bbox 137 2859 191 2905; x_wconf 88' lang='lat' dir='ltr'><strong><em>iam</em></strong></span> <span class='ocrx_word' id='word_1_328' title='bbox 200 2854 335 2903; x_wconf 84' lang='lat' dir='ltr'><strong><em>Hadriani</em></strong></span> <span class='ocrx_word' id='word_1_329' title='bbox 349 2852 503 2916; x_wconf 88' lang='lat' dir='ltr'><strong><em>temporibus</em></strong></span> <span class='ocrx_word' id='word_1_330' title='bbox 510 2851 609 2914; x_wconf 77' lang='lat' dir='ltr'><strong><em>facturn</em></strong></span> <span class='ocrx_word' id='word_1_331' title='bbox 623 2849 739 2914; x_wconf 86' lang='lat' dir='ltr'><strong><em>quodque</em></strong></span> <span class='ocrx_word' id='word_1_332' title='bbox 749 2850 785 2898; x_wconf 80' lang='lat' dir='ltr'><strong><em>ali</em></strong></span> <span class='ocrx_word' id='word_1_333' title='bbox 793 2848 945 2913; x_wconf 72' lang='lat' dir='ltr'><strong><em>sospradus</em></strong></span> <span class='ocrx_word' id='word_1_334' title='bbox 954 2847 976 2898; x_wconf 90' lang='lat' dir='ltr'><strong><em>b.</em></strong></span> <span class='ocrx_word' id='word_1_335' title='bbox 988 2863 1025 2909; x_wconf 89' lang='lat' dir='ltr'><strong><em>p.,</em></strong></span> <span class='ocrx_word' id='word_1_336' title='bbox 1035 2863 1098 2910; x_wconf 86' lang='lat' dir='ltr'><strong><em>quos</em></strong></span> 
     </span>
     <span class='ocr_line' id='line_1_36' title="bbox 137 2919 1098 2989; baseline -0.01 -13"><span class='ocrx_word' id='word_1_337' title='bbox 137 2931 307 2989; x_wconf 76' lang='lat' dir='ltr'><strong><em>eaposuerat,</em></strong></span> <span class='ocrx_word' id='word_1_338' title='bbox 313 2924 423 2987; x_wconf 88' lang='lat' dir='ltr'><strong><em>proprie</em></strong></span> <span class='ocrx_word' id='word_1_339' title='bbox 429 2922 569 2986; x_wconf 84' lang='lat' dir='ltr'><strong><em>spectabat,</em></strong></span> <span class='ocrx_word' id='word_1_340' title='bbox 579 2921 681 2970; x_wconf 92' lang='lat' dir='ltr'><strong><em>omnino</em></strong></span> <span class='ocrx_word' id='word_1_341' title='bbox 688 2922 791 2969; x_wconf 88' lang='lat' dir='ltr'><strong><em>silentio</em></strong></span> <span class='ocrx_word' id='word_1_342' title='bbox 799 2919 980 2977; x_wconf 85' lang='lat' dir='ltr'><strong><em>transmisisse,</em></strong></span> <span class='ocrx_word' id='word_1_343' title='bbox 989 2919 1098 2966; x_wconf 77' lang='lat' dir='ltr'><strong><em>manime</em></strong></span> 
     </span>
     <span class='ocr_line' id='line_1_37' title="bbox 137 2987 1096 3056; baseline -0.013 -9"><span class='ocrx_word' id='word_1_344' title='bbox 137 3012 197 3048; x_wconf 85' lang='lat' dir='ltr'><strong><em>eum</em></strong></span> <span class='ocrx_word' id='word_1_345' title='bbox 211 2994 296 3044; x_wconf 86' lang='lat' dir='ltr'><strong><em>uerbis</em></strong></span> <span class='ocrx_word' id='word_1_346' title='bbox 310 2995 337 3055; x_wconf 77' lang='lat' dir='ltr'><strong><em>§i</em></strong></span> <span class='ocrx_word' id='word_1_347' title='bbox 350 3004 384 3045; x_wconf 78' lang='lat' dir='ltr'><strong><em>st.</em></strong></span> <span class='ocrx_word' id='word_1_348' title='bbox 400 2994 459 3041; x_wconf 84' lang='lat' dir='ltr'><strong><em>adeo</em></strong></span> <span class='ocrx_word' id='word_1_349' title='bbox 478 2993 573 3056; x_wconf 87' lang='lat' dir='ltr'><strong><em>quidem</em></strong></span> <span class='ocrx_word' id='word_1_350' title='bbox 587 2999 613 3040; x_wconf 88' lang='lat' dir='ltr'><strong><em>ut</em></strong></span> <span class='ocrx_word' id='word_1_351' title='bbox 626 3005 671 3039; x_wconf 88' lang='lat' dir='ltr'><strong><em>nec</em></strong></span> <span class='ocrx_word' id='word_1_352' title='bbox 690 2992 752 3039; x_wconf 85' lang='lat' dir='ltr'><strong><em>inter</em></strong></span> <span class='ocrx_word' id='word_1_353' title='bbox 769 2998 868 3038; x_wconf 80' lang='lat' dir='ltr'><strong><em>matrem</em></strong></span> <span class='ocrx_word' id='word_1_354' title='bbox 883 2995 929 3038; x_wconf 90' lang='lat' dir='ltr'><strong><em>etc.</em></strong></span> <span class='ocrx_word' id='word_1_355' title='bbox 946 2990 1004 3036; x_wconf 88' lang='lat' dir='ltr'><strong><em>coll.</em></strong></span> <span class='ocrx_word' id='word_1_356' title='bbox 1015 3003 1059 3050; x_wconf 89' lang='lat' dir='ltr'><strong><em>pr.</em></strong></span> <span class='ocrx_word' id='word_1_357' title='bbox 1075 2987 1096 3035; x_wconf 90' lang='lat'><strong><em>1.</em></strong></span> 
     </span>
     <span class='ocr_line' id='line_1_38' title="bbox 137 3058 1099 3129; baseline -0.014 -12"><span class='ocrx_word' id='word_1_358' title='bbox 137 3068 171 3117; x_wconf 86' lang='lat' dir='ltr'><strong><em>de</em></strong></span> <span class='ocrx_word' id='word_1_359' title='bbox 185 3064 233 3114; x_wconf 79' lang='lat' dir='ltr'><strong><em>SC.</em></strong></span> <span class='ocrx_word' id='word_1_360' title='bbox 252 3064 356 3113; x_wconf 86' lang='lat' dir='ltr'><strong><em>Tertull.</em></strong></span> <span class='ocrx_word' id='word_1_361' title='bbox 371 3063 403 3129; x_wconf 82' lang='lat' dir='ltr'><strong><em>(e,</em></strong></span> <span class='ocrx_word' id='word_1_362' title='bbox 413 3061 436 3128; x_wconf 82' lang='lat' dir='ltr'><strong><em>e)</em></strong></span> <span class='ocrx_word' id='word_1_363' title='bbox 451 3064 487 3112; x_wconf 84' lang='lat' dir='ltr'><strong><em>ad</em></strong></span> <span class='ocrx_word' id='word_1_364' title='bbox 500 3063 548 3112; x_wconf 87' lang='lat' dir='ltr'><strong><em>hoc</em></strong></span> <span class='ocrx_word' id='word_1_365' title='bbox 562 3063 604 3111; x_wconf 90' lang='lat' dir='ltr'><strong><em>ius</em></strong></span> <span class='ocrx_word' id='word_1_366' title='bbox 614 3064 641 3110; x_wconf 91' lang='lat' dir='ltr'><strong><em>in</em></strong></span> <span class='ocrx_word' id='word_1_367' title='bbox 655 3060 717 3110; x_wconf 92' lang='lat' dir='ltr'><strong><em>XII</em></strong></span> <span class='ocrx_word' id='word_1_368' title='bbox 721 3060 895 3110; x_wconf 84' lang='lat' dir='ltr'><strong><em>desideratum</em></strong></span> <span class='ocrx_word' id='word_1_369' title='bbox 905 3060 1013 3123; x_wconf 72' lang='lat' dir='ltr'><strong><em>stipitum</em></strong></span> <span class='ocrx_word' id='word_1_370' title='bbox 1023 3058 1099 3121; x_wconf 86' lang='lat' dir='ltr'><strong><em>quasi</em></strong></span> 
     </span>
     <span class='ocr_line' id='line_1_39' title="bbox 137 3128 1098 3197; baseline -0.01 -11"><span class='ocrx_word' id='word_1_371' title='bbox 137 3137 280 3187; x_wconf 80' lang='lat' dir='ltr'><strong><em>intendisse</em></strong></span> <span class='ocrx_word' id='word_1_372' title='bbox 290 3134 425 3188; x_wconf 63' lang='lat' dir='ltr'><strong><em>ridentum·</em></strong></span> <span class='ocrx_word' id='word_1_373' title='bbox 436 3141 488 3182; x_wconf 91' lang='lat' dir='ltr'><strong><em>tum</em></strong></span> <span class='ocrx_word' id='word_1_374' title='bbox 497 3148 562 3197; x_wconf 86' lang='lat' dir='ltr'><strong><em>quae</em></strong></span> <span class='ocrx_word' id='word_1_375' title='bbox 572 3133 599 3181; x_wconf 91' lang='lat' dir='ltr'><strong><em>in</em></strong></span> <span class='ocrx_word' id='word_1_376' title='bbox 609 3131 727 3181; x_wconf 86' lang='lat' dir='ltr'><strong><em>uersibus</em></strong></span> <span class='ocrx_word' id='word_1_377' title='bbox 736 3132 828 3180; x_wconf 85' lang='lat' dir='ltr'><strong><em>deinde</em></strong></span> <span class='ocrx_word' id='word_1_378' title='bbox 837 3128 999 3194; x_wconf 83' lang='lat' dir='ltr'><strong><em>sequentibus</em></strong></span> <span class='ocrx_word' id='word_1_379' title='bbox 1008 3143 1098 3190; x_wconf 86' lang='lat' dir='ltr'><strong><em>super-</em></strong></span> 
     </span>
     <span class='ocr_line' id='line_1_40' title="bbox 138 3200 1097 3271; baseline -0.009 -15"><span class='ocrx_word' id='word_1_380' title='bbox 138 3214 201 3257; x_wconf 85' lang='lat' dir='ltr'><strong><em>sunt</em></strong></span> <span class='ocrx_word' id='word_1_381' title='bbox 215 3205 277 3271; x_wconf 85' lang='lat' dir='ltr'><strong><em>(nid.</em></strong></span> <span class='ocrx_word' id='word_1_382' title='bbox 291 3220 342 3268; x_wconf 87' lang='lat' dir='ltr'><strong><em>seq.</em></strong></span> <span class='ocrx_word' id='word_1_383' title='bbox 358 3201 468 3268; x_wconf 80' lang='lat' dir='ltr'><strong><em>notam),</em></strong></span> <span class='ocrx_word' id='word_1_384' title='bbox 486 3204 522 3251; x_wconf 88' lang='lat' dir='ltr'><strong><em>ad</em></strong></span> <span class='ocrx_word' id='word_1_385' title='bbox 534 3203 582 3252; x_wconf 92' lang='lat' dir='ltr'><strong><em>hoc</em></strong></span> <span class='ocrx_word' id='word_1_386' title='bbox 597 3209 694 3250; x_wconf 90' lang='lat' dir='ltr'><strong><em>tantum</em></strong></span> <span class='ocrx_word' id='word_1_387' title='bbox 707 3201 755 3250; x_wconf 77' lang='lat' dir='ltr'><strong><em>Sc.</em></strong></span> <span class='ocrx_word' id='word_1_388' title='bbox 770 3202 889 3250; x_wconf 85' lang='lat' dir='ltr'><strong><em>uidentur</em></strong></span> <span class='ocrx_word' id='word_1_389' title='bbox 903 3200 1002 3262; x_wconf 83' lang='lat' dir='ltr'><strong><em>referri</em></strong></span> <span class='ocrx_word' id='word_1_390' title='bbox 1011 3213 1097 3261; x_wconf 90' lang='lat' dir='ltr'><strong><em>posse.</em></strong></span> 
     </span>
    </p>
   </div>
   <div class='ocr_carea' id='block_1_4' title="bbox 138 3335 1097 3554">
    <p class='ocr_par' dir='ltr' id='par_1_5' title="bbox 138 3335 1097 3554">
     <span class='ocr_line' id='line_1_41' title="bbox 212 3335 1097 3414; baseline -0.006 -19"><span class='ocrx_word' id='word_1_391' title='bbox 212 3342 238 3414; x_wconf 66' lang='lat'><strong><em>5.</em></strong></span> <span class='ocrx_word' id='word_1_392' title='bbox 254 3345 383 3404; x_wconf 75' lang='lat'><strong>32.=§.</strong></span> <span class='ocrx_word' id='word_1_393' title='bbox 398 3353 418 3391; x_wconf 82' lang='lat' dir='ltr'><strong><em>e.</em></strong></span> <span class='ocrx_word' id='word_1_394' title='bbox 439 3341 507 3391; x_wconf 72' lang='lat' dir='ltr'><strong><em>Lete</em></strong></span> <span class='ocrx_word' id='word_1_395' title='bbox 522 3342 543 3390; x_wconf 89' lang='lat' dir='ltr'><strong><em>b.</em></strong></span> <span class='ocrx_word' id='word_1_396' title='bbox 555 3357 583 3405; x_wconf 87' lang='lat' dir='ltr'><strong><em>p.</em></strong></span> <span class='ocrx_word' id='word_1_397' title='bbox 599 3340 630 3406; x_wconf 84' lang='lat' dir='ltr'><strong><em>(e,</em></strong></span> <span class='ocrx_word' id='word_1_398' title='bbox 645 3340 678 3405; x_wconf 87' lang='lat' dir='ltr'><strong><em>s).</em></strong></span> <span class='ocrx_word' id='word_1_399' title='bbox 700 3341 738 3404; x_wconf 84' lang='lat' dir='ltr'><strong><em>Cf.</em></strong></span> <span class='ocrx_word' id='word_1_400' title='bbox 758 3340 813 3402; x_wconf 84' lang='lat' dir='ltr'><strong><em>lllp.</em></strong></span> <span class='ocrx_word' id='word_1_401' title='bbox 828 3352 862 3400; x_wconf 84' lang='lat' dir='ltr'><strong><em>ss,</em></strong></span> <span class='ocrx_word' id='word_1_402' title='bbox 877 3353 910 3390; x_wconf 79' lang='lat'><strong><em>12.</em></strong></span> <span class='ocrx_word' id='word_1_403' title='bbox 975 3335 1097 3407; x_wconf 80' lang='lat'><strong>§.33=</strong></span> 
     </span>
     <span class='ocr_line' id='line_1_42' title="bbox 138 3408 1097 3480; baseline -0.008 -14"><span class='ocrx_word' id='word_1_404' title='bbox 138 3419 162 3480; x_wconf 69' lang='grc'><strong><em>5.</em></strong></span> <span class='ocrx_word' id='word_1_405' title='bbox 178 3428 198 3466; x_wconf 84' lang='lat' dir='ltr'><strong><em>s.</em></strong></span> <span class='ocrx_word' id='word_1_406' title='bbox 218 3416 241 3465; x_wconf 90' lang='grc' dir='ltr'><strong><em>Ι.</em></strong></span> <span class='ocrx_word' id='word_1_407' title='bbox 256 3417 300 3464; x_wconf 83' lang='lat' dir='ltr'><strong><em>cit.</em></strong></span> <span class='ocrx_word' id='word_1_408' title='bbox 356 3411 381 3480; x_wconf 62' lang='grc' dir='ltr'><strong><em>ξ.</em></strong></span> <span class='ocrx_word' id='word_1_409' title='bbox 397 3414 453 3463; x_wconf 74' lang='lat'><strong>33⁰.</strong></span> <span class='ocrx_word' id='word_1_410' title='bbox 471 3412 508 3475; x_wconf 78' lang='lat' dir='ltr'><strong><em>Os.</em></strong></span> <span class='ocrx_word' id='word_1_411' title='bbox 524 3413 547 3473; x_wconf 66' lang='grc' dir='ltr'><strong><em>ξ.</em></strong></span> <span class='ocrx_word' id='word_1_412' title='bbox 563 3423 596 3461; x_wconf 78' lang='lat' dir='ltr'><strong><em>sa.</em></strong></span> <span class='ocrx_word' id='word_1_413' title='bbox 621 3411 676 3474; x_wconf 85' lang='lat' dir='ltr'><strong><em>lllp.</em></strong></span> <span class='ocrx_word' id='word_1_414' title='bbox 692 3423 726 3473; x_wconf 84' lang='lat' dir='ltr'><strong><em>ss,</em></strong></span> <span class='ocrx_word' id='word_1_415' title='bbox 741 3423 761 3461; x_wconf 88' lang='lat' dir='ltr'><strong><em>s.</em></strong></span> <span class='ocrx_word' id='word_1_416' title='bbox 785 3409 832 3459; x_wconf 82' lang='lat' dir='ltr'><strong><em>Tit.</em></strong></span> <span class='ocrx_word' id='word_1_417' title='bbox 848 3410 912 3461; x_wconf 80' lang='lat' dir='ltr'><strong><em>Lae</em></strong></span> <span class='ocrx_word' id='word_1_418' title='bbox 921 3408 969 3459; x_wconf 77' lang='lat' dir='ltr'><strong><em>SC.</em></strong></span> <span class='ocrx_word' id='word_1_419' title='bbox 993 3409 1097 3460; x_wconf 77' lang='lat' dir='ltr'><strong><em>Terenti.</em></strong></span> 
     </span>
     <span class='ocr_line' id='line_1_43' title="bbox 138 3481 728 3554; baseline -0.017 -15"><span class='ocrx_word' id='word_1_420' title='bbox 138 3484 218 3554; x_wconf 59' lang='lat' dir='ltr'><strong><em>(nb).</em></strong></span> <span class='ocrx_word' id='word_1_421' title='bbox 237 3486 305 3536; x_wconf 65' lang='lat' dir='ltr'><strong><em>he.</em></strong></span> <span class='ocrx_word' id='word_1_422' title='bbox 324 3486 346 3545; x_wconf 68' lang='grc' dir='ltr'><strong><em>ξ.</em></strong></span> <span class='ocrx_word' id='word_1_423' title='bbox 362 3495 382 3532; x_wconf 88' lang='grc'><strong><em>1.</em></strong></span> <span class='ocrx_word' id='word_1_424' title='bbox 402 3483 434 3531; x_wconf 78' lang='lat'><strong><em>1).</em></strong></span> <span class='ocrx_word' id='word_1_425' title='bbox 450 3481 547 3531; x_wconf 87' lang='lat' dir='ltr'><strong><em>dereb.</em></strong></span> <span class='ocrx_word' id='word_1_426' title='bbox 563 3481 621 3530; x_wconf 86' lang='lat' dir='ltr'><strong><em>dub.</em></strong></span> <span class='ocrx_word' id='word_1_427' title='bbox 637 3481 728 3547; x_wconf 55' lang='grc' dir='ltr'><strong><em>(Μ).</em></strong></span> 
     </span>
    </p>
   </div>
   <div class='ocr_carea' id='block_1_5' title="bbox 849 3564 899 3616">
    <p class='ocr_par' dir='ltr' id='par_1_6' title="bbox 849 3564 899 3616">
     <span class='ocr_line' id='line_1_44' title="bbox 849 3564 899 3616; baseline 0 0"><span class='ocrx_word' id='word_1_428' title='bbox 849 3564 899 3616; x_wconf 82' lang='lat' dir='ltr'><strong><em>ts·</em></strong></span> 
     </span>
    </p>
   </div>
   <div class='ocr_carea' id='block_1_6' title="bbox 0 0 1310 3942">
    <p class='ocr_par' dir='ltr' id='par_1_7' title="bbox 0 0 1310 3942">
     <span class='ocr_line' id='line_1_45' title="bbox 0 0 1310 3942; baseline 0 0"><span class='ocrx_word' id='word_1_429' title='bbox 0 0 1310 3942; x_wconf 95' lang='lat' dir='ltr'><strong><em> </em></strong></span> 
     </span>
    </p>
   </div>
  </div>
 </body>
</html>
