2609 3942
440 220 498 255 osu
515 222 606 260 mecm.
625 204 659 256 Il.
680 211 829 260 ato-283.
1042 205 1108 271 283

157 350 286 418 extiterit,
307 348 387 405 alium
403 349 533 406 inlocum
550 353 608 407 eius
623 351 749 407 heredem
769 354 922 425 instituere,
937 362 1024 409 tamen
1043 370 1107 427 pos·

156 448 249 488 sumus
271 448 333 488 eum
349 448 456 505 rogare,
479 441 520 506 ut,
542 451 603 491 cum
625 437 768 507 morietur,
791 437 835 492 alii
858 453 915 493 eam
931 437 1107 495 hereditatem

158 516 307 596 totam'uel
330 533 362 573 er
384 525 462 590 parte
483 520 625 589 restituat3
649 528 677 575 et
700 522 761 592 quia
784 527 847 593 post
868 528 983 576 mortem
999 536 1108 593 quoque

155 599 261 655 heredis
283 598 518 657 fideicommissum
541 602 597 658 dari
619 610 728 677 potest,
751 603 821 659 idem
844 601 950 660 efficere
963 603 1109 676 possumus

155 691 184 739 et
200 685 222 739 si
236 685 273 739 ita
295 685 500 757 scripserimus:
523 700 586 743 cru
608 704 713 745 r1r1vs
735 703 837 745 nuens
859 702 941 746 unos
962 702 1109 747 uonrvrs

152 783 245 837 marr,
272 782 356 826 voco
375 783 602 824 nouuomurnu
628 785 719 825 unam
743 784 786 826 no
812 785 949 826 Pvnmvu
969 784 1112 828 manulius

153 866 346 909 summumne:
364 859 482 926 utroque
496 859 585 907 autem
600 852 692 923 modo,
709 860 761 910 tam
776 854 829 909 hoc
844 869 922 927 quam
938 852 996 922 illo,
1008 852 1108 917 'litium

154 935 281 992 heredem
304 951 383 991 suum
406 934 555 1008 obligatum
577 936 705 1010 relinquit
733 937 766 993 de
795 935 1003 993 fideicommisso
1030 939 1108 993 resti·

154 1019 265 1075 tuendo.
320 1014 385 1078 278.
411 1018 553 1075 Praeterea
578 1020 667 1094 legate
694 1016 772 1095 (per)
804 1021 947 1077 formulam
974 1021 1107 1094 petimus:

153 1101 359 1160 fideicommissa
381 1118 447 1159 uero
470 1103 568 1160 Romae
592 1104 701 1177 quidem
723 1107 796 1179 apud
817 1103 957 1162 consulem
977 1104 1022 1160 uel
1037 1107 1110 1178 apud

153 1203 215 1243 eum
237 1196 405 1261 praetorem,
432 1190 479 1260 qui
500 1189 643 1262 praecipue
672 1187 705 1245 de
732 1187 946 1246 fideicommissis
967 1189 1010 1244 ius
1032 1188 1107 1259 dicit,

152 1273 355 1345 persequimur;
379 1272 407 1326 in
429 1274 575 1344 prouinciis
597 1288 666 1328 uero
682 1274 755 1345 apud
767 1272 919 1345 praesidem
941 1272 1107 1344 prouinciae.

152 1350 218 1411 279.
243 1355 310 1410 ltem
325 1354 360 1409 de
375 1352 588 1412 fideicommissis
605 1370 712 1427 semper
732 1353 736 1424 Ι
755 1358 782 1410 in
798 1355 865 1411 urhe
880 1356 922 1409 ius
938 1353 1051 1428 dicitur3
1074 1354 1108 1411 de
1119 1366 1179 1415 125.

153 1438 251 1509 legatis
266 1453 345 1507 uero,
359 1453 419 1493 cum
434 1454 478 1492 res
492 1445 622 1511 aguntur.
664 1433 736 1494 280.
759 1438 825 1494 ltem
840 1436 1109 1494 fideicommissorum

155 1536 255 1576 usurae
271 1529 298 1574 et
313 1519 419 1575 lructus
434 1519 577 1591 debentur,
592 1522 615 1576 si
630 1521 711 1577 modo
727 1537 828 1578 moram
844 1521 989 1577 solutionis
1002 1521 1109 1593 lecerit,

78 1619 144 1669 [soe]
157 1604 204 1675 qui
220 1600 454 1658 fideicommissum
470 1602 593 1670 dehehi13
615 1604 767 1676 legatorum
790 1621 857 1660 uero
872 1621 970 1661 usurae
991 1621 1047 1661 nou
1062 1606 1108 1662 de·
1202 1671 1206 1678 Ι

156 1684 271 1741 hentur:
286 1684 368 1757 idque
380 1686 515 1758 rescripto
530 1685 586 1740 diui
598 1685 722 1741 Hadriani
737 1686 919 1760 significatur:
936 1689 992 1742 scio
1011 1696 1109 1759 tamen,

155 1768 258 1825 iuliano
273 1768 418 1840 placuisse,
433 1770 460 1823 in
476 1784 508 1824 eo
525 1768 626 1841 legato,
644 1767 716 1840 quod
728 1770 834 1824 sinendi
845 1769 924 1824 modo
937 1769 1110 1843 relinquitur,

154 1853 225 1909 idem
240 1853 306 1907 iuris
323 1868 399 1923 esse,
416 1852 489 1925 quod
504 1853 532 1907 in
547 1850 778 1920 fideicommissis3
799 1867 878 1925 quam
900 1854 1061 1908 sententiam
1083 1862 1111 1909 et

154 1937 197 1993 his
214 1934 381 2009 temporibus
393 1938 479 2010 magis
491 1937 616 2009 optinere
627 1934 717 1996 uideo.
751 1932 816 1993 281.
831 1934 896 1990 ltem
908 1935 996 2007 legata
1008 1936 1110 1993 Graece

155 2020 257 2092 scripta
271 2035 327 2075 non
343 2018 448 2087 ualent,
470 2017 677 2077 fideicommissa
692 2036 758 2076 uero
774 2018 876 2076 ualent.
913 2015 983 2078 282.
1006 2019 1073 2075 ltem
1088 2022 1111 2076 si

157 2104 274 2178 legatum
289 2118 339 2176 per
353 2103 549 2159 damnationem
564 2102 688 2160 relictum
700 2103 780 2160 heres
796 2101 939 2175 infitietur,
955 2105 983 2159 in
998 2102 1110 2176 duplum

156 2203 216 2245 cum
231 2202 264 2242 eo
280 2188 385 2260 agitur3
400 2186 599 2244 fideicommissi
614 2203 681 2243 uero
696 2189 804 2244 nomine
820 2203 927 2262 semper
941 2189 969 2243 in
984 2186 1110 2262 simplum

155 2271 308 2343 persecutio
331 2277 381 2325 est.
426 2266 495 2327 283.
517 2270 583 2326 ltem
605 2267 701 2345 (quod)
722 2273 837 2345 quisque
853 2288 884 2328 er
898 2270 1105 2328 fideicommisso

155 2353 217 2427 plus
233 2352 325 2408 debito
341 2368 390 2425 per
404 2369 523 2409 errorem
539 2354 665 2426 soluerit,
680 2365 805 2430 repetere
820 2365 927 2429 potest:
944 2364 971 2413 at
985 2356 1024 2429 id,
1036 2356 1110 2430 quod

155 2452 189 2493 ex
209 2451 288 2493 causa
308 2436 374 2492 falsa
394 2452 444 2511 per
462 2437 658 2494 damnationem
679 2438 763 2513 legati
789 2439 852 2513 plus
878 2440 969 2497 debito
989 2441 1110 2497 solutum

225 2617 252 2690 ᾗ.
267 2624 327 2674 278.
348 2622 387 2686 Of.
407 2622 820 2687 Ulp.rs,12.Paol.4,1.§.1s.
844 2624 876 2672 L.
891 2636 938 2677 rao.
953 2627 976 2687 ς.
991 2637 1011 2676 s.
1031 2627 1064 2676 D.
1079 2628 1111 2677 de

155 2692 223 2743 verb.
239 2694 305 2758 sipn.
321 2691 367 2759 (oo,
381 2692 426 2759 16).
442 2693 474 2742 L.
488 2704 509 2743 2.
525 2696 548 2754 5.
563 2703 590 2744 32
601 2694 647 2755 fin.
671 2691 704 2741 D.
723 2692 755 2741 de
774 2694 841 2756 erip.
860 2696 911 2743 ior.
933 2695 970 2760 (1,
985 2695 1016 2761 2).
1039 2695 1109 2747 Suet.

157 2763 295 2814 Olcades.
323 2762 466 2823 Quinctil.
484 2761 511 2812 0.
526 2774 547 2820 o,
560 2774 582 2815 o.
600 2765 623 2824 ξ.
639 2773 674 2814 oo.
692 2763 716 2824 ξ.
730 2775 750 2813 1.
769 2762 792 2811 I.
812 2763 843 2812 de
858 2764 924 2825 sess.
943 2765 997 2814 lter.
1017 2763 1053 2831 (2,
1074 2765 1111 2833 so)

155 2834 242 2899 ibique
255 2832 397 2883 Schrader.
439 2829 464 2901 ξ
475 2835 535 2884 279.
553 2832 591 2897 Of.
602 2833 727 2882 Zimmern
739 2832 876 2896 Civilproc.
892 2835 915 2895 §-
925 2845 972 2884 128.
1012 2832 1111 2902 §28st

158 2904 196 2967 Of.
212 2903 282 2967 Epic.
297 2914 318 2964 s,
333 2915 353 2953 a.
368 2905 392 2965 ξ.
407 2914 428 2954 o.
448 2904 523 2952 Paul.
538 2915 559 2962 e,
573 2914 594 2954 o.
608 2905 631 2966 ξ.
641 2916 663 2954 1.
682 2903 715 2952 L,
730 2916 763 2954 17.
778 2906 801 2966 5.
812 2914 833 2955 o.
848 2902 880 2952 L.
891 2915 925 2954 oe.
944 2903 977 2952 D.
992 2904 1024 2953 de
1039 2919 1110 2954 osor.

156 2971 202 3039 (22,
217 2972 247 3039 1).
267 2974 300 3023 L.
314 2985 348 3026 8'1.
363 2976 387 3036 ξ.
402 2985 422 3024 1.
448 2973 481 3023 Ι).
496 2974 527 3023 de
541 2976 590 3040 lep.
609 2987 630 3025 2.
649 2973 681 3023 L.
696 2985 721 3025 92
732 2976 778 3038 fin.
798 2974 830 3023 D.
845 2974 992 3024 decondic.
1008 2981 1034 3023 et
1046 2975 1110 3024 dem.

156 3043 201 3108 (³5,
216 3042 247 3110 1).
266 3044 298 3093 L.
309 3055 343 3097 ot.
357 3046 381 3106 ξ.
392 3056 412 3094 1.
431 3044 463 3093 D.
478 3045 510 3094 de
525 3047 573 3110 lep.
588 3059 608 3095 1.
627 3045 736 3109 Lepr.
756 3045 789 3094 D.
799 3045 832 3095 de
845 3060 916 3108 oper.
926 3044 998 3108 publ.
1010 3042 1055 3110 (oo,
1066 3044 1111 3111 ιο).

156 3114 188 3163 L.
203 3127 223 3164 1.
240 3116 263 3177 §-
279 3127 312 3166 1³.
332 3114 365 3164 D.
385 3120 414 3163 ut
427 3118 502 3180 tepet.
522 3132 545 3164 o.
557 3115 639 3179 fdess.
654 3130 721 3165 sero.
735 3113 780 3181 (uc,
795 3114 826 3181 8).
849 3115 897 3165 Tit.
915 3115 941 3165 C.
956 3116 988 3165 de
1001 3130 1073 3164 usur.
1088 3121 1113 3164 et

153 3185 192 3249 fr.
207 3187 255 3250 lep.
272 3182 302 3250 (6,
316 3183 362 3252 et).
431 3182 457 3254 ξ
473 3187 532 3236 281.
559 3185 597 3249 Cf.
617 3184 671 3249 lup.
692 3196 762 3244 omo.
786 3186 818 3236 L.
833 3197 859 3237 11
869 3201 914 3250 pr.
933 3185 966 3235 D.
980 3186 1012 3235 de
1027 3188 1076 3251 lep.
1090 3197 1111 3237 t.

156 3255 189 3304 L.
203 3266 238 3306 24.
253 3256 277 3317 ἓ.
292 3258 337 3306 ult.
357 3255 390 3304 D.
405 3256 437 3305 de
452 3258 500 3321 lep.
514 3267 535 3306 2.
554 3255 587 3304 L.
602 3267 636 3307 tt.
651 3257 675 3318 ὅ.
690 3267 710 3308 o.
730 3256 762 3305 L.
779 3267 818 3307 101
830 3272 874 3320 pr.
894 3256 926 3305 D.
941 3257 973 3306 de
987 3259 1035 3323 lep.
1050 3268 1071 3307 o.

154 3321 182 3445 ξ.
197 3328 257 3376 282.
279 3325 317 3389 Of.
333 3325 405 3389 Epic.
420 3338 441 3386 s,
456 3338 476 3376 r.
490 3327 513 3387 ς.
528 3336 549 3376 s.
571 3327 644 3387 infra
658 3338 680 3385 1,
695 3338 715 3378 e.
730 3337 777 3377 171.
798 3327 874 3375 Paul.
890 3339 910 3389 1,
925 3339 958 3379 1o.
973 3329 996 3389 ξ.
1011 3340 1032 3378 1.
1051 3329 1074 3389 ξ.
1090 3338 1111 3379 r.

172 3396 287 3446 .deobl.
302 3412 404 3461 quaeq.
420 3402 551 3447 cxcontr.
567 3394 658 3462 (Ml)-
708 3392 733 3464 §-
749 3399 808 3447 283.
830 3396 868 3460 Of.
887 3396 942 3461 clip.
958 3408 993 3457 24,
1007 3409 1041 3451 tt.
1056 3399 1110 3460 §.a

155 3465 181 3517 L
195 3468 237 3516 cit.
253 3469 276 3528 ξ.
290 3477 324 3518 to.
348 3466 418 3516 dele
432 3469 508 3532 ἱεραί.
523 3465 559 3532 (2,
573 3463 617 3532 2ο).
642 3466 718 3515 Paul.
734 3477 755 3526 o,
770 3477 790 3518 t.
804 3468 828 3529 §-
843 3478 876 3519 92.
904 3468 960 3518 Gai.
976 3469 1008 3519 L.
1023 3480 1056 3522 28.
1077 3468 1110 3517 D.
1215 3500 1217 3503 ⁴

155 3537 187 3586 de
201 3537 261 3587 dolo
275 3534 307 3603 (4,
321 3535 345 3603 t)
358 3538 503 3601 scripserat
515 3551 558 3601 per
573 3537 748 3586 damnationem
762 3537 864 3600 legatum
879 3547 923 3589 est.
