2609 3942
450 168 509 205 om
525 169 617 205 4144444.
636 152 684 206 lv.
702 158 816 207 45-47.
1041 153 1101 218 361

218 295 266 355 45.
284 297 336 354 Sed
352 314 397 354 eas
413 298 522 371 quidem
537 298 675 367 formulas,
690 298 828 371 inquibus
844 300 876 355 de
891 301 950 357 iure
961 300 1106 371 quaeritur,

154 383 182 438 in
196 383 239 438 ius
262 391 407 454 conceptas
430 398 573 453 nocemus,
597 381 691 454 quoles
713 391 790 452 suot,
814 382 911 454 quibus
932 383 1106 453 intendimus,

155 474 280 521 nostrum
296 481 355 520 esse
370 465 470 537 aliquid
492 482 523 522 ex
543 467 602 521 iore
620 463 763 531 Quiritium
783 474 828 522 out
849 466 926 521 nobis
948 466 1005 521 deri
1026 483 1106 540 opor-

155 556 213 606 tere
225 557 270 605 out
285 565 335 622 pro
351 547 411 604 iure
421 549 545 604 damnum
555 546 670 620 ’(4444ἀί
683 556 836 621 oportere‚·
849 543 912 622 in)¹
928 549 1025 622 quibus
1040 551 1107 606 iuris

155 633 243 690 ciuilis
265 632 381 688 intentio
404 641 454 688 est.
497 627 547 689 46.
571 633 681 689 Ceteras
703 649 769 688 uero
791 635 818 689 io
841 633 941 689 iactum
964 642 1107 704 conceptas

157 733 292 786 4144444444,
305 716 330 771 id
344 723 395 785 est,
411 716 548 789 inquibus
564 716 637 772 nuile
654 716 714 771 talis
724 717 883 772 intentionis
899 718 1043 788 conceptio
1055 723 1107 787 est,

157 794 227 876 (444)
244 800 321 855 initio
337 799 467 855 formulae
482 802 618 857 nominoio
630 815 672 861 eo,
685 799 758 872 quod
773 799 936 870 factumest,
952 799 1109 856 adiciuntur

157 899 187 940 ee
211 883 311 956 uerba,
333 899 381 956 per
409 900 477 956 quae
504 883 586 940 iudici
609 883 750 939 damnandi
774 882 966 941 absoluendiue
987 891 1108 957 potestas

156 967 251 1036 dator3
274 966 360 1040 qualis
383 975 427 1022 est
449 967 581 1039 formula,
603 983 656 1041 qua
672 969 757 1023 utitur
771 977 904 1041 petronus
919 976 1012 1025 contre
1028 967 1105 1023 liber·

156 1058 225 1121 tum,
240 1052 286 1124 qui
298 1067 359 1106 eum
375 1059 467 1107 contre
480 1050 597 1108 edictum
612 1052 745 1124 praetoris
760 1053 788 1108 in
800 1052 841 1108 ius
856 1043 1010 1109 ’uocauitz²
1026 1045 1030 1127 Ι
1047 1063 1178 1112 11444404.

157 1135 184 1190 io
206 1150 235 1191 ee
253 1136 291 1190 ita
316 1143 371 1192 est:
394 1151 660 1194 REOVPERATORES
684 1152 794 1195 svooo.
838 1150 868 1192 so
889 1152 990 1193 4414444
1012 1152 1109 1192 movit

155 1233 322 1277 4444404444
343 1235 383 1275 cn
404 1234 476 1276 tono
498 1216 627 1294 (444444)
650 1213 811 1276 4444404443
832 1234 969 1276 menneo
986 1233 1110 1275 (10144444

85 1317 145 1366 [ceo]
156 1317 299 1359 4411444414
320 1317 424 1360 1cc1vs
446 1317 624 1360 Peecooois
644 1318 677 1359 444
699 1316 749 1358 1vs
771 1316 919 1360 voceovdo
945 1315 1032 1364 csse,
1054 1317 1109 1357 Re·

105 1400 388 1455 evremodio-es,
400 1401 496 1443 444414
507 1400 666 1441 nonnemo
677 1400 743 1440 4444
757 1398 902 1440 eomodo
916 1397 1110 1441 4444444144

157 1467 188 1525 ’x
202 1462 557 1525 144444444044444144444
582 1482 611 1524 s1
626 1482 690 1524 44044
703 1475 1110 1537 4444144,44404.44444.4444-

157 1568 203 1608 rae
219 1567 328 1624 quoque
348 1550 490 1620 formulae,
512 1566 579 1623 quae
599 1549 649 1605 sub
671 1549 750 1605 titulo
772 1566 814 1606 ne
835 1566 937 1608 114444
961 1566 1108 1608 voccono

157 1636 314 1709 propositae
329 1642 404 1703 sunt,
413 1634 441 1688 io
453 1633 550 1689 iactum
563 1640 709 1706 conceptae
721 1641 796 1704 suut,
809 1633 884 1689 uelut
895 1634 1025 1689 aduersus
1038 1650 1109 1704 eum,

159 1720 206 1793 qui
221 1720 248 1775 in
263 1719 305 1774 ios
319 1725 432 1774 uocatus
443 1732 531 1789 neque
548 1717 653 1772 uenerit
668 1732 756 1788 neque
767 1716 898 1771 uindicem
911 1717 1030 1783 dederit3
1045 1718 1110 1772 item

158 1812 340 1873 contiacum,
362 1803 409 1874 qui
424 1802 452 1856 ui
473 1800 602 1855 exemerit
621 1814 699 1868 eum,
721 1800 816 1871 quiin
837 1801 880 1854 ius
901 1809 1061 1868 uocaretur3
1083 1808 1112 1854 et

158 1887 275 1958 denique
289 1883 499 1941 innumerabiles
516 1881 646 1938 eiusmodi
662 1882 728 1937 aliae
745 1882 876 1939 formulae
891 1883 917 1937 in
933 1882 994 1938 elbo
1010 1898 1111 1956 propo·

157 1976 270 2024 nuntur.
305 1964 350 2024 47.
374 1967 427 2024 Sed
443 1984 476 2023 ex
491 1965 650 2040 quibusdam
665 1962 754 2023 causis
774 1974 885 2040 praetor
900 1967 970 2029 etin
985 1966 1026 2020 ius
1042 1968 1111 2021 etin

232 2131 252 2200 ¹)
274 2134 348 2195 Quod
364 2137 487 2199 scriptum
501 2142 560 2185 erat
573 2135 705 2197 decidium,
726 2136 802 2199 quasi
814 2135 934 2197 repetitio
949 2134 1073 2198 quaedam
1088 2150 1110 2182 o.

158 2208 332 2256 domnumoica
345 2212 384 2255 ect
397 2207 573 2270 iacturamque
582 2206 674 2255 dorum
682 2205 816 2256 verborum
830 2205 923 2268 effecit.
947 2205 1013 2253 Inde
1026 2204 1112 2254 cidari

157 2284 182 2326 ei
197 2276 276 2325 decidi
290 2273 359 2342 (dare
374 2282 399 2324 et
412 2276 523 2324 decidere
537 2277 576 2325 ed.
591 2274 651 2340 89.)
665 2278 776 2326 restitui.
833 2274 853 2342 ²)
867 2277 987 2326 euocauit
1005 2271 1057 2324 Vn.

159 2343 181 2412 8)
191 2352 292 2410 petrono
303 2345 329 2395 0.
338 2353 456 2395 44444444
465 2352 536 2392 14444
544 2346 622 2407 princ
631 2347 771 2407 edideram,
778 2347 878 2409 factum
887 2347 936 2397 doc
945 2348 1067 2410 opinatus
1076 2360 1112 2394 ex

157 2417 284 2481 petronie'.
325 2413 399 2476 Quod
420 2429 488 2464 nunc
511 2415 595 2472 edidi,
620 2415 726 2465 debetur
746 2416 890 2482 Hollweqio
914 2417 1051 2481 Civilproc.
1073 2416 1109 2465 II.

154 2498 246 2551 44414
274 2484 320 2536 Sic
334 2487 393 2536 item
406 2484 455 2550 By.
465 2485 535 2536 edne
564 2483 631 2533 Edd.
646 2484 710 2534 doec
724 2488 855 2542 omittunt;
868 2488 915 2536 ced
927 2502 978 2536 noo
993 2488 1111 2537 tiberium

158 2572 221 2617 ecee,
237 2558 338 2622 quicum
352 2555 444 2621 ayebat
445 2570 485 2614 ur
499 2553 653 2618 sufficiebat,
666 2554 713 2603 ced
726 2556 790 2612 eine,
804 2557 849 2616 qui
866 2556 971 2620 agebat,
986 2558 1110 2606 libertum.

159 2625 244 2694 4)4441
257 2628 382 2679 vtum?
406 2626 444 2689 Of.
466 2621 570 2674 ‘Gaius'
588 2639 615 2686 p.
631 2635 678 2674 141.
700 2621 754 2672 Sed
767 2630 872 2686 poterat
890 2625 954 2675 daec
972 2628 1111 2676 ordinaria

154 2713 242 2763 poeno
255 2712 290 2747 ece
305 2711 384 2746 cauea
398 2697 499 2762 euceri.
515 2694 547 2743 L.
562 2704 595 2745 44
615 2694 648 2742 D.
663 2693 720 2743 de
709 2709 737 2743 m
750 2695 792 2743 ius
806 2708 859 2743 ooc.
875 2692 906 2758 (4,
919 2693 952 2760 4).

229 2851 256 2924 ἕ.
271 2857 314 2907 tc.
334 2853 374 2917 Os.
388 2855 411 2916 ἦ.
424 2866 460 2904 41.
479 2868 522 2915 pro
543 2854 594 2902 iure
614 2853 637 2905 d.
652 2850 689 2919 d]
711 2853 747 2915 cf.
766 2852 847 2903 444.
867 2853 890 2913 5·
905 2861 925 2904 4.
946 2852 978 2900 D.
997 2852 1029 2901 de
1044 2852 1111 2914 furt.

159 2925 205 2993 (44,
219 2925 251 2991 4).
270 2924 302 2973 4.
317 2935 338 2976 4.
357 2926 380 2986 ἓ.
395 2935 415 2975 4.
435 2924 467 2972 D
482 2925 514 2973 de
527 2926 618 2973 minor
632 2921 665 2989 (4,
675 2921 706 2988 4).
726 2924 758 2971 L
773 2934 840 2985 tpr.
855 2922 887 2973 D
907 2923 939 2971 de
954 2923 1027 2971 cond
1044 2922 1111 2984 furt

158 2996 250 3062 (14,1).
280 2992 385 3044 ‘Gaius'
402 3009 431 3057 p
447 3006 493 3045 141.
543 2989 626 3061 §.dd
647 2993 724 3056 Of.§.
738 3005 772 3046 44
791 2996 815 3056 §-
830 3003 863 3043 14.
877 2993 900 3042 Ι.
915 2994 1015 3042 deaei.
1034 2990 1066 3058 (4,
1080 2990 1111 3056 4).

159 3067 192 3118 L.
207 3078 227 3117 4.
249 3064 322 3117 ade
336 3070 461 3114 tractact.
476 3063 507 3129 (4,
516 3061 548 3128 4).
570 3070 684 3127 petronus
703 3079 724 3116 c.
739 3061 793 3131 tiit]
809 3064 843 3126 cf.
858 3065 898 3125 ἐξ.
910 3074 956 3114 144.
966 3073 1013 3112 ist.
1032 3063 1055 3122 ς.
1067 3065 1111 3110 ult.

159 3136 181 3187 I.
197 3137 229 3187 de
239 3151 326 3199 poena
340 3142 395 3185 iem
411 3130 449 3184 lii.
464 3133 495 3218 (4,
510 3133 554 3200 14).
582 3134 614 3185 L.
629 3146 663 3185 45.
683 3136 705 3196 5.
721 3146 740 3184 1
760 3135 793 3183 D
807 3135 840 3183 de
853 3134 901 3183 obt
916 3139 941 3182 ei
955 3139 1004 3181 act
1020 3130 1066 3197 (44,
1080 3130 1111 3197 4).

158 3208 191 3256 4.
206 3220 228 3258 4.
247 3210 269 3269 §-
286 3219 305 3261 1.
325 3206 357 3254 D.
372 3206 470 3255 dem
460 3219 568 3254 zucooc
583 3203 615 3269 (4,
628 3202 661 3269 4).
689 3204 739 3252 de
733 3219 757 3252 tn
772 3200 935 3270 iusooc]cf
952 3202 1081 3252 Odecn
1072 3217 1114 3251 tue

158 3293 212 3328 voc.
224 3275 255 3343 (4,
266 3274 297 3342 4).
321 3277 382 3341 1449.
396 3276 420 3325 ei
429 3290 453 3339 q.
464 3276 491 3323 in
505 3277 546 3323 iue
559 3289 614 3324 occ.
629 3274 661 3340 (4,
676 3272 706 3339 4).
735 3272 792 3322 In'
782 3289 823 3324 tue
836 3276 922 3324 vocati
937 3280 963 3322 ut
973 3271 1071 3337 444444(4,
1081 3272 1112 3338 4).

161 3348 199 3398 Ne
213 3350 271 3413 quic
285 3362 353 3408 eum,
368 3347 412 3409 qui
426 3345 453 3394 in
468 3346 485 3393 i.
496 3358 550 3394 voc.
565 3342 597 3409 (4,
611 3342 643 3409 8).
664 3342 857 3412 innumerabiles]
874 3344 911 3406 cf.
924 3343 975 3393 Cic.
986 3343 1067 3392 divin.
1078 3355 1112 3393 14.

158 3420 232 3481 §.oo
260 3418 337 3467 Verr.
352 3416 390 3468 II.
405 3427 427 3474 4,
440 3425 466 3466 44
476 3430 521 3478 pr.
536 3430 558 3465 c.
573 3426 606 3465 44.
626 3416 650 3476 ἃ.
665 3425 699 3466 44.
780 3411 864 3482 §.dt
893 3413 932 3477 Cf.
947 3412 979 3463 L.
994 3426 1014 3465 4.
1034 3414 1066 3463 D.
1081 3415 1113 3463 de

158 3488 208 3540 ott.
223 3494 248 3538 ei
261 3494 312 3537 act.
327 3484 372 3553 (44,
387 3484 418 3552 4).
446 3484 479 3534 4.
494 3497 514 3537 1.
533 3486 557 3547 ἕ.
572 3498 592 3535 1.
612 3484 644 3534 L.
660 3496 693 3536 14.
713 3484 746 3532 D.
760 3486 845 3548 depos.
865 3483 914 3551 (14,
929 3484 960 3552 4).
988 3484 1020 3535 L.
1041 3497 1053 3536 1
1067 3500 1113 3548 pr.
