2609 3942
220 183 286 248 272
500 203 558 240 mu
576 204 671 239 mrim.
689 184 724 239 Π,
743 190 894 239 eil—inu,

222 331 285 392 221.
298 334 352 392 Sed
368 336 499 390 diuersae
509 333 626 389 scbolae
637 341 761 388 auctores
773 338 879 405 putant,
891 332 971 387 etiam
983 341 1110 388 extraneo
1124 349 1174 406 per

223 420 439 492 praeceptionem
450 418 534 490 legari
547 431 628 491 posse
638 414 763 490 proinde,
778 417 842 471 acsi
855 416 892 470 ita
906 416 1052 472 scribatur:
1067 432 1174 476 rrrtvu

222 518 365 560 monimum
379 515 518 559 arrunvur
532 514 658 571 omno,
669 514 837 572 superuacuo
851 499 954 554 adiecta
964 514 1045 556 onan
1056 498 1174 572 syllaba3

222 586 340 659 ideoque
354 601 403 658 per
417 583 625 641 uindicationem
640 599 697 639 eam
708 597 769 639 rem
783 582 898 656 legatam
911 582 1011 638 uideri:
1027 599 1096 656 quae
1110 599 1174 639 sen·

224 671 307 725 tentia
332 669 431 725 dicitur
456 667 512 723 diui
538 667 663 723 Hadriani
692 667 890 722 constitutione
920 665 1076 722 confirmata
1103 683 1173 724 esse.

223 748 290 810 222.
313 751 466 810 Secundum
481 752 550 807 hano
564 752 649 824 igitur
669 751 823 823 opinionem
843 751 867 805 si
882 765 914 805 ea
928 765 973 805 res
987 766 1021 805 ex
1035 751 1095 806 iure
1110 748 1174 817 Qni-

224 838 316 911 ritium
337 834 459 892 defuncti
480 834 562 891 luerit
569 877 578 909 ,
598 841 692 908 potest
711 851 727 889 a
746 833 878 907 legatario
900 833 1043 904 uindicari,
1070 835 1129 889 siue
1149 837 1174 891 is

223 937 293 976 unus
309 935 342 975 ex
356 916 503 974 heredibus
517 920 562 987 sit,
578 919 637 974 siue
652 925 809 986 extraneum
830 924 873 974 ret
888 918 912 971 si
926 918 953 972 in
973 916 1052 973 bonis
1067 926 1174 975 tantum

223 1004 364 1059 testatoris
379 1001 477 1070 luerit,
497 1009 623 1057 extraneo
645 1001 752 1073 quidem
773 1017 805 1056 er
827 1006 937 1056 senatus
959 1000 1084 1058 consulto
1105 1002 1174 1058 utile

223 1088 275 1143 erit
290 1086 425 1157 legatum,
441 1084 533 1140 heredi
548 1100 614 1140 uero
629 1083 744 1139 familiae
759 1083 951 1141 herciscundae
970 1084 1066 1142 iudicis
1082 1083 1173 1143 officio

223 1167 416 1244 praestabitur;
436 1167 534 1242 quodsi
554 1167 630 1224 nullo
647 1169 708 1224 iure
728 1166 810 1224 tuerit
828 1168 984 1239 testatoris,
1005 1177 1059 1224 tarn
1080 1168 1174 1225 heredi

224 1269 302 1327 quam
324 1261 451 1309 extraneo
473 1267 507 1308 ex
529 1258 640 1308 senatus
666 1251 794 1308 consulto
817 1252 884 1308 utile
909 1253 969 1307 erit.
1018 1247 1087 1309 223.
1109 1252 1173 1310 Siue

224 1347 314 1394 tameo
330 1334 490 1411 heredibus,
505 1336 652 1393 secundum
667 1343 824 1392 nostrorum
840 1337 1004 1409 opinionem,
1019 1338 1078 1393 siue
1092 1338 1173 1393 etiam

223 1421 373 1490 extraneis,
398 1420 543 1475 secundum
564 1419 672 1475 illorum
694 1420 864 1492 opinionem,
889 1418 995 1475 duobus
1015 1418 1174 1493 pluribusne

224 1504 316 1559 eadem
330 1519 374 1558 res
389 1504 552 1559 coniunctim
572 1511 618 1558 aut
637 1502 791 1559 disiunctim
812 1503 904 1577 legata
923 1502 1020 1575 luerit,
1042 1503 1144 1578 singuli
1167 1496 1172 1582 Ι

154 1593 313 1660 importes
329 1587 426 1643 babere
441 1585 548 1643 debent.

287 1675 322 1726 id
341 1675 416 1738 legem
431 1675 570 1725 Fulcinium.
606 1665 676 1727 224.
699 1668 752 1726 Sed
767 1669 834 1726 olim
849 1670 958 1744 quidem
972 1669 1069 1727 licebat
1085 1678 1173 1727 totum

223 1755 414 1828 patrimonium
429 1756 527 1829 legatio
542 1763 623 1828 atquc
638 1753 806 1810 libertatibus
821 1769 952 1827 erogare,
967 1756 1173 1828 necquicquam

224 1838 316 1896 heredi
331 1839 485 1912 relinquere
499 1848 686 1912 praeterquam
701 1840 780 1894 inane
791 1854 889 1895 nomen
900 1837 1021 1900 borodim
1037 1833 1120 1911 idque
1130 1838 1174 1895 lex

223 1922 439 1980 x11tabularum
460 1924 617 1997 permittere
637 1921 792 1989 uidebatur,
820 1938 872 1995 qua
891 1929 1016 1993 cauetur,
1041 1930 1073 1977 ut
1099 1923 1173 1996 quod

224 2008 339 2080 quisque
354 2006 388 2062 de
402 2023 432 2063 rc
446 2023 496 2062 aua
511 2014 626 2062 testatus
641 2013 723 2075 esset,
739 2005 766 2061 id
779 2013 868 2061 ratum
883 2006 1039 2077 haberetur,
1053 2005 1096 2061 iis
1111 2022 1173 2062 uer·

222 2090 277 2146 bis:
299 2089 352 2146 ‘uti
366 2090 479 2163 legassit
493 2104 558 2145 suae
573 2093 628 2158 rei,
649 2089 687 2143 ita
709 2090 751 2143 ius
772 2087 864 2146 esto:’
880 2082 995 2162 ’quare¹
1016 2091 1062 2162 qui
1077 2091 1173 2161 scripti

223 2172 337 2229 heredes
351 2181 438 2239 erant,
455 2171 487 2227 ab
502 2171 651 2228 hereditate
662 2187 692 2227 se
703 2170 879 2245 abstinebant,
894 2182 922 2229 et
937 2172 1037 2230 idcirco
1048 2173 1173 2248 plerique

222 2257 343 2311 intestati
358 2254 549 2311 moriebantur.
592 2250 660 2312 225.
682 2254 774 2329 ltaque
794 2255 846 2312 lata
866 2263 909 2312 est
926 2256 968 2313 lex
990 2254 1086 2331 Furia,
1109 2273 1173 2330 qun,

223 2339 342 2411 exceptis
362 2340 487 2412 personis
502 2336 676 2412 quibusdam,
697 2341 795 2397 ceteris
809 2338 870 2411 plus
891 2339 954 2395 mile
972 2339 1077 2396 assibus
1098 2340 1241 2417 lega-[195]

225 2428 314 2476 iorum
329 2422 437 2478 nomine
452 2423 582 2478 mortisue
597 2439 677 2480 causa
692 2438 787 2497 capere
801 2424 962 2495 permissum
974 2440 1029 2479 noo
1041 2432 1093 2480 est.
1125 2424 1174 2480 sed

224 2512 252 2559 et
266 2504 337 2561 baec
351 2504 394 2561 lex
409 2521 463 2562 nou
479 2506 608 2580 perfecit,
624 2505 697 2580 quod
713 2506 814 2562 uoluit:
834 2508 879 2578 qui
902 2507 972 2562 enirn
995 2506 1070 2562 uerbi
1086 2509 1174 2581 gratia

224 2588 343 2662 quinque
358 2588 459 2645 milium
476 2607 548 2647 ocris
563 2591 754 2666 patrimonium
774 2588 903 2660 habebat,
924 2598 1031 2664 poterat
1053 2594 1174 2664 quinque

223 2672 375 2729 hominibus
390 2673 504 2747 singulis
526 2675 639 2731 milenos
661 2689 734 2730 asses
749 2672 865 2747 legando
881 2681 968 2729 totum
982 2675 1173 2747 patrimonium

224 2771 345 2829 erogare.
384 2752 452 2813 226.
476 2758 538 2815 ldeo
554 2766 650 2831 postea
665 2757 718 2813 lata
734 2764 776 2813 est
790 2757 834 2814 lex
850 2756 980 2830 Voconia,
996 2774 1050 2831 qua
1064 2767 1174 2814 cautum

296 2921 316 2990 ¹)
330 2940 374 2989 qae
387 2926 567 2988 superscripto
580 2939 593 2974 a
607 2926 710 2974 litterae
724 2940 739 2988 q
753 2939 801 2975 nec
819 2927 871 2975 ullo
889 2933 966 2975 notae
983 2927 1058 2991 eiquo
1077 2927 1174 2976 litter-ta

223 3009 251 3043 nc
265 2996 354 3046 addito
374 2994 400 3044 V
401 2992 434 3057 ’ἦ
448 2993 609 3059 quamobrem
622 3011 691 3046 nunc
705 3010 762 3045 cum
775 2997 869 3045 ceteris
878 2996 935 3045 edd.
945 2997 1079 3046 emendavi
1087 3011 1173 3060 qnare.

293 3166 318 3238 ξ.
333 3172 393 3221 222.
421 3169 459 3233 Cf.
479 3172 690 3232 §§.40.1oo.tttt.
767 3167 791 3240 §.
807 3173 867 3222 223.
894 3171 933 3234 Of.
948 3171 1019 3236 dipit.
1038 3184 1093 3231 qa.
1112 3174 1137 3234 ξ.
1152 3184 1174 3224 a.

222 3240 255 3290 L.
270 3257 313 3290 un.
327 3242 350 3303 ὅ.
361 3252 395 3291 11.
412 3239 437 3289 0.
453 3241 485 3290 de
499 3239 687 3307 caduc.(u,51).
737 3237 762 3310 ξ
773 3243 833 3292 224.
850 3242 888 3304 Cf.
896 3257 940 3305 pr.
955 3242 978 3292 Ι.
992 3243 1025 3292 de
1034 3244 1089 3308 lepe
1101 3242 1173 3294 Fato.

223 3308 256 3374 (2,
269 3309 305 3375 22)
321 3326 377 3360 cnm
395 3310 503 3374 Tbeopb.
518 3312 552 3360 uti
566 3308 675 3380 legassit]
691 3312 725 3374 cf.
736 3313 850 3362 Dirlcrerr
867 3311 929 3361 XII
938 3311 1004 3362 tabb.
1019 3323 1040 3371 5,
1050 3324 1071 3363 a.
1085 3311 1175 3363 Scidit

219 3394 248 3441 p.
262 3390 309 3430 rii.
372 3376 397 3448 ξ.
413 3383 473 3432 225.
499 3380 537 3444 Of.
552 3380 616 3432 Inar.
630 3389 656 3432 et
673 3381 781 3446 lbeopb.
797 3385 813 3432 l.
829 3398 851 3432 c.
866 3383 940 3445 infra
953 3394 975 3441 t,
989 3394 1023 3435 it.
1046 3382 1101 3447 Uip.
1116 3396 1138 3443 t,
1152 3395 1174 3435 2.

223 3458 255 3501 iu,
271 3460 292 3498 i.
317 3448 360 3498 ii.
380 3450 439 3499 Vnt.
453 3462 500 3503 toi.
529 3451 609 3501 Vnrr.
626 3452 729 3517 frapms
744 3452 787 3502 lib.
802 3452 854 3501 ΙΙΙ.
868 3453 901 3503 de
914 3454 957 3502 nir.
970 3468 1031 3517 pop.
1048 3452 1119 3504 Rom.
1133 3455 1175 3504 ed.

222 3515 281 3580 Bip.
296 3531 325 3580 p.
344 3530 391 3569 itt.
464 3516 489 3588 fi
509 3523 569 3572 226.
595 3521 633 3584 Cf.
653 3521 717 3572 lunt.
737 3529 762 3571 et
783 3521 892 3588 Tbeopb.
912 3525 929 3572 l.
944 3538 967 3574 c.
990 3524 1038 3574 lex
1057 3521 1176 3594 Voconia]
